@misc{RN317,
   url = {http://immunobase.org, accessed October 18, 2015},
   type = {Web Page}
}

@misc{RN324,
   url = {http://bio-bwa.sourceforge.net/},
   type = {Web Page}
}

@misc{RN334,
   url = {http://www.roadmapepigenomics.org/protocols/type/experimental/},
   type = {Web Page}
}

@misc{RN375,
   volume = {2017},
   number = {30/12/2017},
   url = {http://www.who.int/classifications/icd/en/},
   year = {2017},
   type = {Web Page}
}

@article{RN256,
   author = {Abecasis GR, Auton A, Brooks LD, DePristo MA, Durbin RM, Handsaker RE, Kang HM, Marth GT, McVean GA.},
   title = {An integrated encyclopedia of DNA elements in the human genome},
   journal = {Nature},
   volume = {489},
   number = {7414},
   pages = {57-74},
   ISSN = {0028-0836},
   DOI = {10.1038/nature11247},
   year = {2012},
   type = {Journal Article}
}

@article{RN448,
   author = {Abramson, S. R. and of and …, Khattri - S.},
   title = {A Review of Current Evidence for TNF Inhibitor Switching in Psoriatic Arthritis},
   journal = {Journal of Psoriasis and …},
   url = {http://journals.sagepub.com/doi/abs/10.1177/247553031600100304},
   year = {2016},
   type = {Journal Article}
}

@article{RN66,
   author = {Adey, Andrew and Morrison, Hilary G. and Asan and Xun, Xu and Kitzman, Jacob O. and Turner, Emily H. and Stackhouse, Bethany and MacKenzie, Alexandra P. and Caruccio, Nicholas C. and Zhang, Xiuqing and Shendure, Jay},
   title = {Rapid, low-input, low-bias construction of shotgun fragment libraries by high-density in vitro transposition},
   journal = {Genome Biology},
   volume = {11},
   ISSN = {1465-6906},
   DOI = {info:pmid/21143862},
   url = {http://genomebiology.com/2010/11/12/r119},
   year = {2010},
   type = {Journal Article}
}

@article{RN339,
   author = {Alsaad, K. O. and of clinical pathology, Ghazarian - D.},
   title = {My approach to superficial inflammatory dermatoses},
   journal = {Journal of clinical pathology},
   url = {http://jcp.bmj.com/content/58/12/1233.short},
   year = {2005},
   type = {Journal Article}
}

@article{RN247,
   author = {Altshuler, D. and Daly, M. J. and Lander, E. S.},
   title = {Genetic mapping in human disease},
   journal = {Science},
   volume = {322},
   number = {5903},
   pages = {881-8},
   ISSN = {0036-8075},
   DOI = {10.1126/science.1156409},
   year = {2008},
   type = {Journal Article}
}

@article{RN52,
   author = {Andersen, William M. Gordon and Michael, D. Zeller and Rachel, H. Klein and William, R. Swindell and Hsiang, Ho and Francisco, Espetia and Johann, E. Gudjonsson and Pierre, F. Baldi and Bogi},
   title = {A GRHL3-regulated repair pathway suppresses immune-mediated epidermal hyperplasia},
   DOI = {10.1172/JCI77138},
   url = {http://www.jci.org/articles/view/77138},
   year = {2014},
   type = {Journal Article}
}

@article{RN259,
   author = {Andiappan, A. K. and Melchiotti, R. and Poh, T. Y. and Nah, M.},
   title = {Genome-wide analysis of the genetic regulation of gene expression in human neutrophils},
   journal = {Nature …},
   DOI = {10.1038/ncomms8971},
   url = {http://dx.doi.org/10.1038/ncomms8971},
   year = {2015},
   type = {Journal Article}
}

@article{RN337,
   author = {Apel, M. and Uebe, S. and Bowes, J. and  …, Giardina - E.},
   title = {Variants in RUNX3 contribute to susceptibility to psoriatic arthritis, exhibiting further common ground with ankylosing spondylitis},
   journal = {Arthritis & …},
   DOI = {10.1002/art.37885},
   url = {http://dx.doi.org/10.1002/art.37885},
   year = {2013},
   type = {Journal Article}
}

@article{RN368,
   author = {Appel, H. and Maier, R. and Arthritis …, Wu - P.},
   title = {Analysis of IL-17+ cells in facet joints of patients with spondyloarthritis suggests that the innate immune pathway might be of greater relevance than the Th17 …},
   journal = {Arthritis …},
   url = {https://arthritis-research.biomedcentral.com/articles/10.1186/ar3370},
   year = {2011},
   type = {Journal Article}
}

@article{RN397,
   author = {Arakawa, Akiko and Siewert, Katherina and Stöhr, Julia and Besgen, Petra and Kim, Song-Min and Rühl, Geraldine and Nickel, Jens and Vollmer, Sigrid and Thomas, Peter and Krebs, Stefan},
   title = {Melanocyte antigen triggers autoimmunity in human psoriasis},
   journal = {Journal of Experimental Medicine},
   DOI = {10.1084/jem.20151093},
   url = {http://dx.doi.org/10.1084/jem.20151093},
   year = {2015},
   type = {Journal Article}
}

@article{RN398,
   author = {Arakawa, Akiko and Siewert, Katherina and Stöhr, Julia and Besgen, Petra and Kim, Song-Min and Rühl, Geraldine and Nickel, Jens and Vollmer, Sigrid and Thomas, Peter and Krebs, Stefan},
   title = {Melanocyte antigen triggers autoimmunity in human psoriasis},
   journal = {Journal of Experimental Medicine},
   DOI = {10.1084/jem.20151093},
   url = {http://dx.doi.org/10.1084/jem.20151093},
   year = {2015},
   type = {Journal Article}
}

@article{RN400,
   author = {Arend, W. P. and Palmer, G. and reviews, Gabay - C.},
   title = {IL‐1, IL‐18, and IL‐33 families of cytokines},
   journal = {Immunological reviews},
   DOI = {10.1111/j.1600-065X.2008.00624.x},
   url = {http://dx.doi.org/10.1111/j.1600-065X.2008.00624.x},
   year = {2008},
   type = {Journal Article}
}

@article{RN429,
   author = {Austin, Lisa M. and Ozawa, Maki and Kikuchi, Toyoko and Walters, Ian B. and Krueger, James G.},
   title = {The majority of epidermal T cells in psoriasis vulgaris lesions can produce type 1 cytokines, interferon- , interleukin-2, and tumor necrosis factor- , defining TC1 (Cytotoxic T Lymphocyte) and TH1 effector populations: 1 a type 1 differentiation bias is also measured in circulating blood T cells in psoriatic patients},
   journal = {Journal of Investigative Dermatology},
   volume = {113},
   number = {5},
   pages = {752-759},
   url = {http://scholar.google.com/scholar?q=The majority of epidermal T cells in psoriasis vulgaris lesions can produce type 1 cytokines, interferon- , interleukin-2, and tumor necrosis factor- , defining TC1 (Cytotoxic T Lymphocyte) and TH1 effector populations: 1 a type 1 differentiation bias is also measured in circulating blood T cells in psoriatic patients&btnG=&hl=en&num=20&as_sdt=0%2C22},
   year = {1999},
   type = {Journal Article}
}

@article{RN362,
   author = {Baeten, D. and Breban, M. and Lories, R. and  …, Schett - G.},
   title = {Are spondylarthritides related but distinct conditions or a single disease with a heterogeneous phenotype?},
   journal = {Arthritis & …},
   DOI = {10.1002/art.37829},
   url = {http://dx.doi.org/10.1002/art.37829},
   year = {2013},
   type = {Journal Article}
}

@article{RN373,
   author = {Baeten, D. and Breban, M. and Lories, R. and  …, Schett - G.},
   title = {Are spondylarthritides related but distinct conditions or a single disease with a heterogeneous phenotype?},
   journal = {Arthritis & …},
   DOI = {10.1002/art.37829},
   url = {http://dx.doi.org/10.1002/art.37829},
   year = {2013},
   type = {Journal Article}
}

@article{RN525,
   author = {Baker, K. F. and of the rheumatic diseases, Isaacs - J. D.},
   title = {Novel therapies for immune-mediated inflammatory diseases: What can we learn from their use in rheumatoid arthritis, spondyloarthritis, systemic lupus erythematosus …},
   journal = {Annals of the rheumatic diseases},
   DOI = {10.1136/annrheumdis-2017-211555},
   url = {http://dx.doi.org/10.1136/annrheumdis-2017-211555},
   year = {2017},
   type = {Journal Article}
}

@article{RN276,
   author = {Ballana and Gemma, Martín-Ezquerra and den, Heijer and Marijke, Kamsteeg and Irma, Joosten and Evan, E. and Conxi, Lázaro and Ramón, M. and Lluís, Armengol and Gonçalo, Abecasis and James, T. and Giuseppe, Novelli and John, A. and Pui-Yan, Kwok and Anne, Bowcock and Joost, Schalkwijk and Estivill, Rafael and Eva, Riveira-Munoz and Patrick, L. and Jason, Robarge and Wilson, Liao and Emma, N. and Emiliano, Giardina and Philip, E. and Rajan, Nair and Cynthia, Helms and Georgia, Escaramís and Ester},
   title = {Deletion of the late cornified envelope LCE3B and LCE3C genes as a susceptibility factor for psoriasis},
   journal = {Nature Genetics},
   volume = {41},
   ISSN = {1061-4036},
   DOI = {10.1038/ng.313},
   url = {http://dx.doi.org/10.1038/ng.313},
   year = {0100},
   type = {Journal Article}
}

@article{RN43,
   author = {Ballana and Gemma, Martín-Ezquerra and Martin den, Heijer and Marijke, Kamsteeg and Irma, Joosten and Evan, E. Eichler and Conxi, Lázaro and Ramón, M. Pujol and Lluís, Armengol and Gonçalo, Abecasis and James, T. Elder and Giuseppe, Novelli and John, A. L. Armour and Pui-Yan, Kwok and Anne, Bowcock and Joost, Schalkwijk and Xavier Estivill, Rafael de Cid and Eva, Riveira-Munoz and Patrick, L. J. M. Zeeuwen and Jason, Robarge and Wilson, Liao and Emma, N. Dannhauser and Emiliano, Giardina and Philip, E. Stuart and Rajan, Nair and Cynthia, Helms and Georgia, Escaramís and Ester},
   title = {Deletion of the late cornified envelope LCE3B and LCE3C genes as a susceptibility factor for psoriasis},
   journal = {Nature Genetics},
   volume = {41},
   pages = {211-215},
   ISSN = {1061-4036},
   DOI = {doi:10.1038/ng.313},
   url = {http://www.nature.com/ng/journal/v41/n2/abs/ng.313.html},
   year = {2009},
   type = {Journal Article}
}

@article{RN489,
   author = {Bansal, V. and Bashir, A. and research, Bafna - V.},
   title = {Evidence for large inversion polymorphisms in the human genome from HapMap data},
   journal = {Genome research},
   DOI = {10.1101/gr.5774507},
   url = {http://dx.doi.org/10.1101/gr.5774507},
   year = {2007},
   type = {Journal Article}
}

@article{RN515,
   author = {Bergboer, J. G. M. and of …, Oostveen - A. M.},
   title = {Paediatric‐onset psoriasis is associated with ERAP1 and IL23R loci, LCE3C_LCE3B deletion and HLA‐C* 06},
   journal = {British Journal of …},
   DOI = {10.1111/j.1365-2133.2012.10992.x},
   url = {http://dx.doi.org/10.1111/j.1365-2133.2012.10992.x},
   year = {2012},
   type = {Journal Article}
}

@article{RN517,
   author = {Bergboer, Judith G. M. and Zeeuwen, Patrick and Schalkwijk, Joost},
   title = {Genetics of psoriasis: evidence for epistatic interaction between skin barrier abnormalities and immune deviation},
   journal = {Journal of Investigative Dermatology},
   volume = {132},
   number = {10},
   pages = {2320-2331},
   url = {http://scholar.google.com/scholar?q=Genetics of psoriasis: evidence for epistatic interaction between skin barrier abnormalities and immune deviation&btnG=&hl=en&num=20&as_sdt=0%2C22},
   year = {2012},
   type = {Journal Article}
}

@article{RN257,
   author = {Bernstein, B. E. and Stamatoyannopoulos, J. A. and Costello, J. F. and Ren, B. and Milosavljevic, A. and Meissner, A. and Kellis, M. and Marra, M. A. and Beaudet, A. L. and Ecker, J. R. and Farnham, P. J. and Hirst, M. and Lander, E. S. and Mikkelsen, T. S. and Thomson, J. A.},
   title = {The NIH Roadmap Epigenomics Mapping Consortium},
   journal = {Nat Biotechnol},
   volume = {28},
   number = {10},
   pages = {1045-8},
   ISSN = {1087-0156},
   DOI = {10.1038/nbt1010-1045},
   year = {2010},
   type = {Journal Article}
}

@article{RN442,
   author = {Bhala, N. and Emberson, J. and Merhi, A. and Abramson, S. and Arber, N.},
   title = {Vascular and upper gastrointestinal effects of non-steroidal anti-inflammatory drugs: meta-analyses of individual participant data from randomised trials},
   journal = {Vascular and upper gastrointestinal effects of non-steroidal anti-inflammatory drugs: meta-analyses of individual participant data from randomised trials.},
   url = {http://europepmc.org/articles/pmc3778977},
   year = {2013},
   type = {Journal Article}
}

@article{RN402,
   author = {Black, A. P. B. and journal of …, Ardern‐Jones - M. R.},
   title = {Human keratinocyte induction of rapid effector function in antigen‐specific memory CD4+ and CD8+ T cells},
   journal = {European journal of …},
   DOI = {10.1002/eji.200636915},
   url = {http://dx.doi.org/10.1002/eji.200636915},
   year = {2007},
   type = {Journal Article}
}

@article{RN394,
   author = {Blais, M. E. and Dong, T. and Immunology, Rowland‐Jones - S.},
   title = {HLA‐C as a mediator of natural killer and T‐cell activation: spectator or key player?},
   journal = {Immunology},
   DOI = {10.1111/j.1365-2567.2011.03422.x},
   url = {http://dx.doi.org/10.1111/j.1365-2567.2011.03422.x},
   year = {2011},
   type = {Journal Article}
}

@article{RN520,
   author = {Blonska, M. and research, Lin - X.},
   title = {NF-κB signaling pathways regulated by CARMA family of scaffold proteins},
   journal = {Cell research},
   url = {https://www.nature.com/articles/cr2010182},
   year = {2011},
   type = {Journal Article}
}

@article{RN269,
   author = {Boehncke, Wolf-Henning H. and Schön, Michael P.},
   title = {Psoriasis},
   journal = {Lancet (London, England)},
   volume = {386},
   number = {9997},
   pages = {983-994},
   ISSN = {0140-6736},
   DOI = {10.1016/S0140-6736(14)61909-7},
   url = {http://dx.doi.org/10.1016/S0140-6736(14)61909-7},
   year = {2015},
   type = {Journal Article}
}

@article{RN31,
   author = {Bowes, J. and Barton, A.},
   title = {The genetics of psoriatic arthritis: lessons from genome-wide association studies},
   journal = {Discov Med},
   volume = {10},
   number = {52},
   pages = {177-83},
   ISSN = {1539-6509},
   year = {2010},
   type = {Journal Article}
}

@article{RN331,
   author = {Bowes, John and Budu-Aggrey, Ashley and Huffmeier, Ulrike and Uebe, Steffen and Steel, Kathryn and Hebert, Harry L. and Wallace, Chris and Massey, Jonathan and Bruce, Ian N. and Bluett, James and Feletar, Marie and Morgan, Ann W. and Marzo-Ortega, Helena and Donohoe, Gary and Morris, Derek W. and Helliwell, Philip and Ryan, Anthony W. and Kane, David and Warren, Richard B. and Korendowych, Eleanor and Alenius, Gerd-Marie M. and Giardina, Emiliano and Packham, Jonathan and McManus, Ross and FitzGerald, Oliver and McHugh, Neil and Brown, Matthew A. and Ho, Pauline and Behrens, Frank and Burkhardt, Harald and Reis, Andre and Barton, Anne},
   title = {Dense genotyping of immune-related susceptibility loci reveals new insights into the genetics of psoriatic arthritis},
   journal = {Nature communications},
   volume = {6},
   pages = {6046},
   ISSN = {2041-1723},
   DOI = {10.1038/ncomms7046},
   url = {http://dx.doi.org/10.1038/ncomms7046},
   year = {2015},
   type = {Journal Article}
}

@article{RN523,
   author = {Bowes, J. and Ho, P. and Flynn, E. and of the …, Ali - F.},
   title = {Comprehensive assessment of rheumatoid arthritis susceptibility loci in a large psoriatic arthritis cohort},
   journal = {Annals of the …},
   DOI = {10.1136/annrheumdis-2011-200802},
   url = {http://dx.doi.org/10.1136/annrheumdis-2011-200802},
   year = {2012},
   type = {Journal Article}
}

@article{RN258,
   author = {Boyle, A. P. and Hong, E. L. and Hariharan, M. and Cheng, Y. and Schaub, M. A. and Kasowski, M. and Karczewski, K. J. and Park, J. and Hitz, B. C. and Weng, S. and Cherry, J. M. and Snyder, M.},
   title = {Annotation of functional variation in personal genomes using RegulomeDB},
   journal = {Genome Res},
   volume = {22},
   number = {9},
   pages = {1790-7},
   ISSN = {1088-9051},
   DOI = {10.1101/gr.137323.112},
   year = {2012},
   type = {Journal Article}
}

@article{RN13,
   author = {Boyman, O. and Hefti, H. P. and Conrad, C. and Nickoloff, B. J. and Suter, M. and Nestle, F. O.},
   title = {Spontaneous development of psoriasis in a new animal model shows an essential role for resident T cells and tumor necrosis factor-alpha},
   journal = {J Exp Med},
   volume = {199},
   pages = {731-6},
   ISSN = {0022-1007 (Print)0022-1007},
   DOI = {10.1084/jem.20031482},
   url = {http://dx.doi.org/10.1084/jem.20031482},
   year = {2004},
   type = {Journal Article}
}

@article{RN501,
   author = {Brest, P. and Lapaquette, P. and Souidi, M. and Nature …, Lebrigand - K.},
   title = {A synonymous variant in IRGM alters a binding site for miR-196 and causes deregulation of IRGM-dependent xenophagy in Crohn's disease},
   journal = {Nature …},
   DOI = {10.1038/ng.762},
   url = {http://dx.doi.org/10.1038/ng.762},
   year = {2011},
   type = {Journal Article}
}

@article{RN308,
   author = {Buenrostro, Jason D. and Wu, Beijing and Chang, Howard Y. and Greenleaf, William J.},
   title = {ATAC seq: A Method for Assaying Chromatin Accessibility Genome Wide},
   journal = {Current Protocols in Molecular Biology},
   volume = {109},
   pages = {1-9},
   DOI = {10.1002/0471142727.mb2129s109},
   url = {http://dx.doi.org/10.1002/0471142727.mb2129s109},
   year = {2015},
   type = {Journal Article}
}

@article{RN288,
   author = {Buenrostro, Jason D. and Wu, Beijing and Litzenburger, Ulrike M. and Ruff, Dave and Gonzales, Michael L. and Snyder, Michael P. and Chang, Howard Y. and Greenleaf, William J.},
   title = {Single-cell chromatin accessibility reveals principles of regulatory variation},
   journal = {Nature},
   volume = {523},
   pages = {486-490},
   ISSN = {0028-0836},
   DOI = {10.1038/nature14590},
   url = {http://dx.doi.org/10.1038/nature14590},
   year = {2015},
   type = {Journal Article}
}

@article{RN289,
   author = {Bulger, Michael and Groudine, Mark},
   title = {Functional and mechanistic diversity of distal transcription enhancers},
   journal = {Cell},
   volume = {144},
   number = {3},
   pages = {327-339},
   url = {http://www.sciencedirect.com/science/article/pii/S0092867411000638},
   year = {2011},
   type = {Journal Article}
}

@article{RN355,
   author = {Burgos-Pol, R. and Dermo …, Martínez-Sesmero - J. M.},
   title = {The cost of psoriasis and psoriatic arthritis in 5 European countries: a systematic review},
   journal = {Actas Dermo …},
   url = {http://www.sciencedirect.com/science/article/pii/S1578219016301524},
   year = {2016},
   type = {Journal Article}
}

@article{RN426,
   author = {Cameron, A. L. and of …, Kirby - B.},
   title = {Circulating natural killer cells in psoriasis},
   journal = {British Journal of …},
   DOI = {10.1046/j.1365-2133.2003.05319.x},
   url = {http://dx.doi.org/10.1046/j.1365-2133.2003.05319.x},
   year = {2003},
   type = {Journal Article}
}

@article{RN459,
   author = {Capon, Francesca},
   title = {The Genetic Basis of Psoriasis},
   journal = {International Journal of Molecular Sciences},
   volume = {18},
   number = {12},
   pages = {2526},
   ISSN = {1422-0067},
   DOI = {10.3390/ijms18122526},
   url = {http://dx.doi.org/10.3390/ijms18122526},
   year = {2017},
   type = {Journal Article}
}

@article{RN275,
   author = {Capon, Francesca and Bijlmakers, Marie-José J. and Wolf, Natalie and Quaranta, Maria and Huffmeier, Ulrike and Allen, Michael and Timms, Kirsten and Abkevich, Victor and Gutin, Alexander and Smith, Rhodri and Warren, Richard B. and Young, Helen S. and Worthington, Jane and Burden, A. D. and Griffiths, Christopher E. and Hayday, Adrian and Nestle, Frank O. and Reis, Andre and Lanchbury, Jerry and Barker, Jonathan N. and Trembath, Richard C.},
   title = {Identification of ZNF313/RNF114 as a novel psoriasis susceptibility gene},
   journal = {Human molecular genetics},
   volume = {17},
   number = {13},
   pages = {1938-1945},
   ISSN = {0964-6906},
   DOI = {10.1093/hmg/ddn091},
   url = {http://dx.doi.org/10.1093/hmg/ddn091},
   year = {2008},
   type = {Journal Article}
}

@article{RN268,
   author = {Capon, F. and Burden, A. D. and Trembath, R. C.},
   title = {Psoriasis and other complex trait dermatoses: from Loci to functional pathways},
   journal = {The Journal of investigative dermatology},
   volume = {132},
   pages = {915-922},
   DOI = {10.1038/jid.2011.395},
   url = {http://dx.doi.org/10.1038/jid.2011.395},
   year = {2012},
   type = {Journal Article}
}

@article{RN279,
   author = {Cargill, Michele and Schrodi, Steven J. and Chang, Monica and Garcia, Veronica E. and Brandon, Rhonda and Callis, Kristina P. and Matsunami, Nori and Ardlie, Kristin G. and Civello, Daniel and Catanese, Joseph J.},
   title = {A large-scale genetic association study confirms IL12B and leads to the identification of IL23R as psoriasis-risk genes},
   journal = {The American Journal of Human Genetics},
   volume = {80},
   number = {2},
   pages = {273-290},
   url = {http://www.sciencedirect.com/science/article/pii/S0002929707626858},
   year = {2007},
   type = {Journal Article}
}

@article{RN280,
   author = {Cargill, Michele and Schrodi, Steven J. and Chang, Monica and Garcia, Veronica E. and Brandon, Rhonda and Callis, Kristina P. and Matsunami, Nori and Ardlie, Kristin G. and Civello, Daniel and Catanese, Joseph J.},
   title = {A large-scale genetic association study confirms IL12B and leads to the identification of IL23R as psoriasis-risk genes},
   journal = {The American Journal of Human Genetics},
   volume = {80},
   number = {2},
   pages = {273-290},
   url = {http://www.sciencedirect.com/science/article/pii/S0002929707626858},
   year = {2007},
   type = {Journal Article}
}

@article{RN465,
   author = {Carter, K. W. and Pluzhnikov, A. and Timms, A. E. and Miceli-Richard, C. and Bourgain, C. and Wordsworth, B. P. and Jean-Pierre, H. and Cox, N. J. and Palmer, L. J. and Breban, M.},
   title = {Combined analysis of three whole genome linkage scans for ankylosing spondylitis},
   journal = {Rheumatology},
   volume = {46},
   number = {5},
   pages = {763-771},
   DOI = {10.1093/rheumatology/kel443},
   url = {http://dx.doi.org/10.1093/rheumatology/kel443},
   year = {2007},
   type = {Journal Article}
}

@article{RN456,
   author = {Chandran, Vinod and Schentag, Catherine T. and Brockbank, John E. and Pellett, Fawnda J. and Shanmugarajah, S. and Toloza, Sergio M. A. and Rahman, Proton and Gladman, Dafna D.},
   title = {Familial aggregation of psoriatic arthritis},
   journal = {Annals of the rheumatic diseases},
   volume = {68},
   number = {5},
   pages = {664-667},
   DOI = {10.1136/ard.2008.089367},
   url = {http://dx.doi.org/10.1136/ard.2008.089367},
   year = {2009},
   type = {Journal Article}
}

@article{RN302,
   author = {Chepelev, Iouri and Wei, Gang and Wangsa, Dara and Tang, Qingsong and Zhao, Keji},
   title = {Characterization of genome-wide enhancer-promoter interactions reveals co-expression of interacting genes and modes of higher order chromatin organization},
   journal = {Cell research},
   volume = {22},
   number = {3},
   pages = {490-503},
   ISSN = {1001-0602},
   DOI = {10.1038/cr.2012.15},
   url = {http://dx.doi.org/10.1038/cr.2012.15},
   year = {2012},
   type = {Journal Article}
}

@article{RN12,
   author = {Clark, R. A. and Chong, B. and Mirchandani, N. and Brinster, N. K. and Yamanaka, K. and Dowgiert, R. K. and Kupper, T. S.},
   title = {The vast majority of CLA+ T cells are resident in normal skin},
   journal = {J Immunol},
   volume = {176},
   pages = {4431-9},
   ISSN = {0022-1767 (Print)0022-1767},
   url = {http://dx.doi.org/},
   year = {2006},
   type = {Journal Article}
}

@article{RN359,
   author = {Clegg, Daniel O. and Reda, Domenic J. and Mejias, Edwin and Cannon, Grant W. and Weisman, Michael H. and Taylor, Thomas and Mak, Elly and Blackburn, Warren D. and Vasey, Frank B. and Mahowald, Maren L.},
   title = {Comparison of sulfasalazine and placebo in the treatment of psoriatic arthritis. A Department of Veterans Affairs Cooperative Study},
   journal = {Arthritis & Rheumatology},
   volume = {39},
   number = {12},
   pages = {2013-2020},
   DOI = {10.1002/art.1780391210},
   url = {http://dx.doi.org/10.1002/art.1780391210},
   year = {1996},
   type = {Journal Article}
}

@article{RN392,
   author = {Clop, A. and Bertoni, A. and Spain, S. L. and one, Simpson - M. A.},
   title = {An in-depth characterization of the major psoriasis susceptibility locus identifies candidate susceptibility alleles within an HLA-C enhancer element},
   journal = {PloS one},
   DOI = {10.1371/journal.pone.0071690},
   url = {http://dx.doi.org/10.1371/journal.pone.0071690},
   year = {2013},
   type = {Journal Article}
}

@article{RN336,
   author = {Coates, L. C. and FitzGerald, O. and Helliwell, P. S. and in arthritis and, Paul - C.},
   title = {Psoriasis, psoriatic arthritis, and rheumatoid arthritis: Is all inflammation the same?},
   journal = {Seminars in arthritis and …},
   url = {http://www.sciencedirect.com/science/article/pii/S0049017216300646},
   year = {2016},
   type = {Journal Article}
}

@article{RN441,
   author = {Coates, Laura C. and Kavanaugh, Arthur and Mease, Philip J. and Soriano, Enrique R. and Felquer, Maria and Armstrong, April W. and Molano, Wilson and Boehncke, Wolf and Campbell, Willemina and Cauli, Alberto},
   title = {Group for research and assessment of psoriasis and psoriatic arthritis 2015 treatment recommendations for psoriatic arthritis},
   journal = {Arthritis & rheumatology},
   volume = {68},
   number = {5},
   pages = {1060-1071},
   DOI = {10.1002/art.39573},
   url = {http://dx.doi.org/10.1002/art.39573},
   year = {2016},
   type = {Journal Article}
}

@article{RN64,
   author = {Cockerill, P. N.},
   title = {Structure and function of active chromatin and DNase I hypersensitive sites},
   journal = {FEBS journal},
   volume = {278},
   pages = {2182-210},
   ISSN = {1742-464x},
   DOI = {10.1111/j.1742-4658.2011.08128.x
10.1111/j.1742-4658.2011.08128.x. Epub 2011 May 26.},
   url = {http://onlinelibrary.wiley.com/doi/10.1111/j.1742-4658.2011.08128.x/abstract},
   year = {2011},
   type = {Journal Article}
}

@article{RN352,
   author = {Cohen, A. D. and Sherf, M. and Vidavsky, L. and Vardy, D. A. and Dermatology, Shapiro - J.},
   title = {Association between psoriasis and the metabolic syndrome},
   journal = {Dermatology},
   DOI = {10.1159/000111512},
   url = {http://dx.doi.org/10.1159/000111512},
   year = {2008},
   type = {Journal Article}
}

@article{RN524,
   author = {Colamonici, O. and Yan, H. and Biology, Domanski - P.},
   title = {Direct binding to and tyrosine phosphorylation of the alpha subunit of the type I interferon receptor by p135tyk2 tyrosine kinase},
   journal = {… and Cellular Biology},
   DOI = {10.1128/MCB.14.12.8133},
   url = {http://dx.doi.org/10.1128/MCB.14.12.8133},
   year = {1994},
   type = {Journal Article}
}

@article{RN460,
   author = {Consortium, International Psoriasis Genetics},
   title = {The International Psoriasis Genetics Study: assessing linkage to 14 candidate susceptibility loci in a cohort of 942 affected sib pairs},
   journal = {The American Journal of …},
   url = {https://www.sciencedirect.com/science/article/pii/S0002929707619326},
   year = {2003},
   type = {Journal Article}
}

@article{RN471,
   author = {Consortium, The 1000 Genomes Project},
   title = {A global reference for human genetic variation},
   journal = {Nature},
   DOI = {10.1038/nature15393},
   url = {http://dx.doi.org/10.1038/nature15393},
   year = {2015},
   type = {Journal Article}
}

@article{RN469,
   author = {Consortium, The  International HapMap},
   title = {A haplotype map of the human genome},
   journal = {Nature},
   url = {https://www.ncbi.nlm.nih.gov/pmc/articles/pmc1880871/},
   year = {2005},
   type = {Journal Article}
}

@article{RN512,
   author = {Cortes, A. and Pulit, S. L. and Leo, P. J. and Nature …, Pointon - J. J.},
   title = {Major histocompatibility complex associations of ankylosing spondylitis are complex and involve further epistasis with ERAP1},
   journal = {Nature …},
   DOI = {10.1038/ncomms8146},
   url = {http://dx.doi.org/10.1038/ncomms8146},
   year = {2015},
   type = {Journal Article}
}

@article{RN513,
   author = {Costantino, F. and Talpin, A. and  …, Evnouchidou - I.},
   title = {ERAP1 gene expression is influenced by nonsynonymous polymorphisms associated with predisposition to spondyloarthritis},
   journal = {Arthritis & …},
   DOI = {10.1002/art.39072},
   url = {http://dx.doi.org/10.1002/art.39072},
   year = {2015},
   type = {Journal Article}
}

@article{RN371,
   author = {Costantino, F. and Talpin, A. and of the …, Said-Nahal - R.},
   title = {A family-based genome-wide association study reveals an association of spondyloarthritis with MAPK14},
   journal = {Annals of the …},
   DOI = {10.1136/annrheumdis-2016-209449},
   url = {http://dx.doi.org/10.1136/annrheumdis-2016-209449},
   year = {2016},
   type = {Journal Article}
}

@article{RN372,
   author = {Costantino, F. and Talpin, A. and of the …, Said-Nahal - R.},
   title = {A family-based genome-wide association study reveals an association of spondyloarthritis with MAPK14},
   journal = {Annals of the …},
   DOI = {10.1136/annrheumdis-2016-209449},
   url = {http://dx.doi.org/10.1136/annrheumdis-2016-209449},
   year = {2016},
   type = {Journal Article}
}

@article{RN432,
   author = {Costello, P. and Bresnihan, B. and of …, O'Farrelly - C.},
   title = {Predominance of CD8+ T lymphocytes in psoriatic arthritis},
   journal = {The Journal of …},
   url = {http://europepmc.org/abstract/med/10332977},
   year = {1999},
   type = {Journal Article}
}

@article{RN472,
   author = {Cui, Y. and Li, G. and Li, S. and in Biology, Wu - R.},
   title = {Designs for linkage analysis and association studies of complex diseases},
   journal = {Statistical Methods in Molecular Biology},
   DOI = {10.1007/978-1-60761-580-4_6},
   url = {http://dx.doi.org/10.1007/978-1-60761-580-4_6},
   year = {2010},
   type = {Journal Article}
}

@article{RN361,
   author = {D., Reveille - J.},
   title = {The genetic basis of spondyloarthritis},
   journal = {Annals of the rheumatic diseases},
   DOI = {10.1136/ard.2010.140574},
   url = {http://dx.doi.org/10.1136/ard.2010.140574},
   year = {2011},
   type = {Journal Article}
}

@article{RN496,
   author = {Dand, N. and Mucha, S. and Tsoi, L. C. and molecular …, Mahil - S. K.},
   title = {Exome-wide association study reveals novel psoriasis susceptibility locus at TNFSF15 and rare protective alleles in genes contributing to type I IFN signalling},
   journal = {Human molecular …},
   DOI = {10.1093/hmg/ddx328},
   url = {http://dx.doi.org/10.1093/hmg/ddx328},
   year = {2017},
   type = {Journal Article}
}

@article{RN291,
   author = {Das, Sayantan and Stuart, Philip E. and Ding, Jun and Tejasvi, Trilokraj and Li, Yanming and Tsoi, Lam C. and Chandran, Vinod and Fischer, Judith and Helms, Cynthia and Duffin, Kristina},
   title = {Fine mapping of eight psoriasis susceptibility loci},
   journal = {European Journal of Human Genetics},
   DOI = {10.1038/ejhg.2014.172},
   url = {http://dx.doi.org/10.1038/ejhg.2014.172},
   year = {2014},
   type = {Journal Article}
}

@article{RN303,
   author = {de Cid, R. and Riveira-Munoz, E. and Zeeuwen, P. L. and Robarge, J. and Liao, W. and Dannhauser, E. N. and Giardina, E. and Stuart, P. E. and Nair, R. and Helms, C. and Escaramis, G. and Ballana, E. and Martin-Ezquerra, G. and den Heijer, M. and Kamsteeg, M. and Joosten, I. and Eichler, E. E. and Lazaro, C. and Pujol, R. M. and Armengol, L. and Abecasis, G. and Elder, J. T. and Novelli, G. and Armour, J. A. and Kwok, P. Y. and Bowcock, A. and Schalkwijk, J. and Estivill, X.},
   title = {Deletion of the late cornified envelope LCE3B and LCE3C genes as a susceptibility factor for psoriasis},
   journal = {Nat Genet},
   volume = {41},
   number = {2},
   pages = {211-5},
   ISSN = {1061-4036},
   DOI = {10.1038/ng.313},
   year = {2009},
   type = {Journal Article}
}

@article{RN433,
   author = {Diani, M. and Altomare, G. and reviews, Reali - E.},
   title = {T cell responses in psoriasis and psoriatic arthritis},
   journal = {Autoimmunity reviews},
   url = {https://www.sciencedirect.com/science/article/pii/S1568997214002845},
   year = {2015},
   type = {Journal Article}
}

@article{RN406,
   author = {Diluvio, L. and Vollmer, S. and Besgen, P. and of …, Ellwart - J. W.},
   title = {Identical TCR β-chain rearrangements in streptococcal angina and skin lesions of patients with psoriasis vulgaris},
   journal = {The Journal of …},
   DOI = {10.4049/jimmunol.176.11.7104},
   url = {http://dx.doi.org/10.4049/jimmunol.176.11.7104},
   year = {2006},
   type = {Journal Article}
}

@article{RN267,
   author = {Dimas, Antigone S. and Deutsch, Samuel and Stranger, Barbara E. and Montgomery, Stephen B. and Borel, Christelle and Attar-Cohen, Homa and Ingle, Catherine and Beazley, Claude and Arcelus, Maria and Sekowska, Magdalena},
   title = {Common regulatory variation impacts gene expression in a cell typedependent manner},
   journal = {Science},
   volume = {325},
   number = {5945},
   pages = {1246-1250},
   url = {http://www.sciencemag.org/content/325/5945/1246.short},
   year = {2009},
   type = {Journal Article}
}

@article{RN263,
   author = {Ding, J. and Gudjonsson, J. and Liang, L. and Stuart, P. and Li, Y. and Chen, W. and Weichenthal, M. and Ellinghaus, E. and Franke, A. and Cookson, W. and Nair, R. and Elder, J. and Abecasis, G.},
   title = {Gene Expression in Skin and Lymphoblastoid Cells: Refined Statistical Method Reveals Extensive Overlap in cis-eQTL Signals},
   journal = {Am J Hum Genet},
   volume = {87},
   pages = {779-789},
   ISSN = {0002-9297 (Print)1537-6605 (Electronic)},
   DOI = {10.1016/j.ajhg.2010.10.024},
   url = {http://dx.doi.org/10.1016/j.ajhg.2010.10.024},
   year = {2010},
   type = {Journal Article}
}

@article{RN314,
   author = {Disis, Mary L. and Rosa, Corazon and Goodell, Vivian and Kuan, Ling-Yu and Chang, Jennie C. C. and Kuus-Reichel, Kristina and Clay, Timothy M. and Lyerly, Kim H. and Bhatia, Sonny and Ghanekar, Smita A.},
   title = {Maximizing the retention of antigen specific lymphocyte function after cryopreservation},
   journal = {Journal of immunological methods},
   volume = {308},
   number = {1},
   pages = {13-18},
   url = {http://www.sciencedirect.com/science/article/pii/S0022175905003303},
   year = {2006},
   type = {Journal Article}
}

@article{RN54,
   author = {Dong, S. and Zhao, J. and Wei, J. and Bowser, R. K. and Khoo, A. and Liu, Z. and Luketich, J. D. and Pennathur, A. and Ma, H. and Zhao, Y.},
   title = {F-box protein complex FBXL19 regulates TGFbeta1-induced E-cadherin down-regulation by mediating Rac3 ubiquitination and degradation},
   journal = {Mol Cancer},
   volume = {13},
   pages = {76},
   ISSN = {1476-4598},
   DOI = {10.1186/1476-4598-13-76
10.1186/1476-4598-13-76.},
   url = {http://dx.doi.org/10.1186/1476-4598-13-76},
   year = {2014},
   type = {Journal Article}
}

@article{RN445,
   author = {Drugs, Keating - G. M.},
   title = {Apremilast: a review in psoriasis and psoriatic arthritis},
   journal = {Drugs},
   url = {http://link.springer.com/article/10.1007/s40265-017-0709-1},
   year = {2017},
   type = {Journal Article}
}

@article{RN457,
   author = {Duffy, D. L. and Spelman, L. S. and of the of, Martin - N. G.},
   title = {Psoriasis in Australian twins},
   journal = {Journal of the American Academy of …},
   url = {https://www.sciencedirect.com/science/article/pii/0190962293702069},
   year = {1993},
   type = {Journal Article}
}

@article{RN252,
   author = {Edwards, S. L. and Beesley, J. and French, J. D. and Dunning, A. M.},
   title = {Beyond GWASs: illuminating the dark road from association to function},
   journal = {Am J Hum Genet},
   volume = {93},
   number = {5},
   pages = {779-97},
   ISSN = {0002-9297},
   DOI = {10.1016/j.ajhg.2013.10.012},
   year = {2013},
   type = {Journal Article}
}

@article{RN428,
   author = {Eedy, D. and Burrows, D. and Bridges, J. and Jones, F.},
   title = {Clearance of severe psoriasis after allogenic bone marrow transplantation},
   journal = {BMJ},
   volume = {300},
   url = {https://www.ncbi.nlm.nih.gov/pubmed/2337714},
   year = {1990},
   type = {Journal Article}
}

@article{RN9,
   author = {Eedy, D. J. and Burrows, D. and Bridges, J. M. and Jones, F. G.},
   title = {Clearance of severe psoriasis after allogenic bone marrow transplantation},
   journal = {BMJ},
   volume = {300},
   pages = {908},
   ISSN = {0959-8138 (Print)1468-5833 (Electronic)},
   url = {http://dx.doi.org/},
   year = {1990},
   type = {Journal Article}
}

@inbook{RN25,
   author = {Ellinghaus, D. and Ellinghaus, E. and Nair, R. P. and Stuart, P. E. and Esko, T. and Metspalu, A. and Debrus, S. and Raelson, J. V. and Tejasvi, T. and Belouchi, M. and West, S. L. and Barker, J. N. and Koks, S. and Kingo, K. and Balschun, T. and Palmieri, O. and Annese, V. and Gieger, C. and Wichmann, H. E. and Kabesch, M. and Trembath, R. C. and Mathew, C. G. and Abecasis, G. R. and Weidinger, S. and Nikolaus, S. and Schreiber, S. and Elder, J. T. and Weichenthal, M. and Nothnagel, M. and Franke, A.},
   title = {Combined Analysis of Genome-wide Association Studies for Crohn Disease and Psoriasis Identifies Seven Shared Susceptibility Loci},
   booktitle = {Am J Hum Genet},
   volume = {90},
   pages = {636-47},
   ISBN = {0002-9297 (Print)1537-6605 (Electronic)},
   DOI = {10.1016/j.ajhg.2012.02.020},
   url = {http://dx.doi.org/10.1016/j.ajhg.2012.02.020},
   year = {2012},
   type = {Book Section}
}

@article{RN508,
   author = {Ellinghaus, David and Jostins, Luke and Spain, Sarah L. and Cortes, Adrian and Bethune, Jörn and Han, Buhm and Park, Yu and Raychaudhuri, Soumya and Pouget, Jennie G. and Hübenthal, Matthias and Folseraas, Trine and Wang, Yunpeng and Esko, Tonu and Metspalu, Andres and Westra, Harm-Jan and Franke, Lude and Pers, Tune H. and Weersma, Rinse K. and Collij, Valerie and D'Amato, Mauro and Halfvarson, Jonas and Jensen, Anders and Lieb, Wolfgang and Degenhardt, Franziska and Forstner, Andreas J. and Hofmann, Andrea and The and of, International and International and of, Genetic and Psoriasis and Schreiber, Stefan and Mrowietz, Ulrich and Juran, Brian D. and Lazaridis, Konstantinos N. and Brunak, Søren and Dale, Anders M. and Trembath, Richard C. and Weidinger, Stephan and Weichenthal, Michael and Ellinghaus, Eva and Elder, James T. and Barker, Jonathan N. W. N. and Andreassen, Ole A. and McGovern, Dermot P. and Karlsen, Tom H. and Barrett, Jeffrey C. and Parkes, Miles and Brown, Matthew A. and Franke, Andre},
   title = {Analysis of five chronic inflammatory diseases identifies 27 new associations and highlights disease-specific patterns at shared loci},
   journal = {Nature Genetics},
   volume = {48},
   number = {5},
   pages = {510-518},
   ISSN = {1061-4036},
   DOI = {10.1038/ng.3528},
   url = {http://dx.doi.org/10.1038/ng.3528},
   year = {2016},
   type = {Journal Article}
}

@article{RN273,
   author = {Ellinghaus, E. and Ellinghaus, D. and Stuart, P. E. and Nair, R. P.},
   title = {Genome-wide association study identifies a psoriasis susceptibility locus at TRAF3IP2},
   journal = {Nature genetics},
   volume = {42},
   pages = {991-996},
   DOI = {10.1038/ng.689},
   url = {http://dx.doi.org/10.1038/ng.689},
   year = {2010},
   type = {Journal Article}
}

@article{RN477,
   author = {Ellinghaus, Eva and Stuart, Philip E. and Ellinghaus, David and Nair, Rajan P. and Debrus, Sophie and Raelson, John V. and Belouchi, Majid and Tejasvi, Trilokraj and Li, Yanming and Tsoi, Lam C.},
   title = {Genome-wide meta-analysis of psoriatic arthritis identifies susceptibility locus at REL},
   journal = {Journal of Investigative Dermatology},
   volume = {132},
   number = {4},
   pages = {1133-1140},
   url = {http://scholar.google.com/scholar?q=Genome-wide meta-analysis of psoriatic arthritis identifies susceptibility locus at REL&btnG=&hl=en&num=20&as_sdt=0%2C22},
   year = {2012},
   type = {Journal Article}
}

@article{RN412,
   author = {Eppinga, H. and rheumatology …, Konstantinov - S. R.},
   title = {The microbiome and psoriatic arthritis},
   journal = {Current rheumatology …},
   DOI = {10.1007/s11926-013-0407-2},
   url = {http://dx.doi.org/10.1007/s11926-013-0407-2},
   year = {2014},
   type = {Journal Article}
}

@article{RN311,
   author = {Ernst, J. and Kheradpour, P. and Mikkelsen, T. S. and Shoresh, N.},
   title = {Mapping and analysis of chromatin state dynamics in nine human cell types},
   journal = {Nature},
   volume = {473},
   pages = {43-49},
   url = {http://www.nature.com/nature/journal/v473/n7345/abs/nature09906.html},
   year = {2011},
   type = {Journal Article}
}

@article{RN511,
   author = {Evans, D. M. and Spencer, C. C. A. and Pointon, J. J. and Su, Z. and Nature …, Harvey - D.},
   title = {Interaction between ERAP1 and HLA-B27 in ankylosing spondylitis implicates peptide handling in the mechanism for HLA-B27 in disease susceptibility},
   journal = {Nature …},
   url = {https://www.nature.com/articles/ng.873},
   year = {2011},
   type = {Journal Article}
}

@article{RN265,
   author = {Fairfax, Benjamin P. and Humburg, Peter and Makino, Seiko and Naranbhai, Vivek and Wong, Daniel and Lau, Evelyn and Jostins, Luke and Plant, Katharine and Andrews, Robert and McGee, Chris and Knight, Julian C.},
   title = {Innate immune activity conditions the effect of regulatory variants upon monocyte gene expression},
   journal = {Science (New York, N.Y.)},
   volume = {343},
   number = {6175},
   pages = {1118-1132},
   ISSN = {0036-8075},
   DOI = {10.1126/science.1246949},
   url = {http://dx.doi.org/10.1126/science.1246949},
   year = {2014},
   type = {Journal Article}
}

@article{RN262,
   author = {Fairfax, Benjamin P. and Makino, Seiko and Radhakrishnan, Jayachandran and Plant, Katharine and Leslie, Stephen and Dilthey, Alexander and Ellis, Peter and Langford, Cordelia and Vannberg, Fredrik O. and Knight, Julian C.},
   title = {Genetics of gene expression in primary immune cells identifies cell type-specific master regulators and roles of HLA alleles},
   journal = {Nature genetics},
   volume = {44},
   number = {5},
   pages = {502-510},
   ISSN = {1061-4036},
   DOI = {10.1038/ng.2205},
   url = {http://dx.doi.org/10.1038/ng.2205},
   year = {2012},
   type = {Journal Article}
}

@article{RN455,
   author = {Farber, E. M. and Nall, M. L. and of dermatology, Watson - W.},
   title = {Natural history of psoriasis in 61 twin pairs},
   journal = {Archives of dermatology},
   url = {https://jamanetwork.com/journals/jamadermatology/article-abstract/533776},
   year = {1974},
   type = {Journal Article}
}

@article{RN278,
   author = {Farh, Kyle and Carrasco-Alfonso, J. and Dita, Mayer and Luckey, C. and Nikolaos, A. and Philip, L. and Vijay, K. and Charles, B. and Mark, J. and David, A. and Bernstein and Alexander, Marson and Jiang, Zhu and Markus, Kleinewietfeld and William, J. and Samantha, Beik and Noam, Shoresh and Holly, Whitton and Russell, J. and Alexander, A. and Meital, Hatan and Marlene},
   title = {Genetic and epigenetic fine mapping of causal autoimmune disease variants},
   journal = {Nature},
   volume = {518},
   pages = { 337–343},
   DOI = {10.1038/nature13835},
   url = {http://dx.doi.org/10.1038/nature13835},
   year = {2014},
   type = {Journal Article}
}

@article{RN450,
   author = {Finlay, Andrew},
   title = {Current severe psoriasis and the rule of tens},
   journal = {British Journal of Dermatology},
   volume = {152},
   number = {5},
   pages = {861-867},
   DOI = {10.1111/j.1365-2133.2005.06502.x},
   url = {http://dx.doi.org/10.1111/j.1365-2133.2005.06502.x},
   year = {2005},
   type = {Journal Article}
}

@article{RN294,
   author = {Foster, S. L. and Hargreaves, D. C. and Medzhitov, R.},
   title = {Gene-specific control of inflammation by TLR-induced chromatin modifications},
   journal = {Nature},
   volume = {447},
   number = {7147},
   pages = {972-8},
   ISSN = {0028-0836},
   DOI = {10.1038/nature05836},
   year = {2007},
   type = {Journal Article}
}

@article{RN386,
   author = {Fredriksson, T. and Dermatology, Pettersson - U.},
   title = {Severe psoriasis–oral therapy with a new retinoid},
   journal = {Dermatology},
   DOI = {10.1159/000250839},
   url = {http://dx.doi.org/10.1159/000250839},
   year = {1978},
   type = {Journal Article}
}

@article{RN297,
   author = {Freedman, Matthew L. and Monteiro, Alvaro N. A. and Gayther, Simon A. and Coetzee, Gerhard A. and Risch, Angela and Plass, Christoph and Casey, Graham and Biasi, Mariella and Carlson, Chris and Duggan, David},
   title = {Principles for the post-GWAS functional characterization of cancer risk loci},
   journal = {Nature genetics},
   volume = {43},
   number = {6},
   pages = {513-518},
   url = {http://www.nature.com/ng/journal/v43/n6/full/ng.840.html},
   year = {2011},
   type = {Journal Article}
}

@article{RN59,
   author = {Fuchs, Charles K. Kaufman and Satrajit, Sinha and Diana, Bolotin and Jie, Fan and Elaine},
   title = {Dissection of a Complex Enhancer Element: Maintenance of Keratinocyte Specificity but Loss of Differentiation Specificity},
   DOI = {10.1128/MCB.22.12.4293-4308.2002},
   url = {http://mcb.asm.org/content/22/12/4293.full},
   year = {2002},
   type = {Journal Article}
}

@article{RN527,
   author = {Furie, R. and Khamashta, M. and  …, Merrill - J. T.},
   title = {Anifrolumab, an Anti–Interferon‐α Receptor Monoclonal Antibody, in Moderate‐to‐Severe Systemic Lupus Erythematosus},
   journal = {Arthritis & …},
   url = {https://onlinelibrary.wiley.com/doi/abs/10.1002/art.39962},
   year = {2017},
   type = {Journal Article}
}

@article{RN427,
   author = {Gardembas-Pain, M. and Ifrah, N. and of …, Foussard - C.},
   title = {Psoriasis after allogeneic bone marrow transplantation},
   journal = {Archives of …},
   url = {https://jamanetwork.com/journals/jamadermatology/article-abstract/552425},
   year = {1990},
   type = {Journal Article}
}

@article{RN322,
   author = {Gazel, Alix and Ramphal, Patricia and Rosdy, Martin and Tornier, Carine and Hosein, Nadia and Lee, Brian and Tomic-Canic, Marjana and Blumenberg, Miroslav},
   title = {Transcriptional profiling of epidermal keratinocytes: comparison of genes expressed in skin, cultured keratinocytes, and reconstituted epidermis, using large DNA microarrays},
   journal = {Journal of investigative dermatology},
   volume = {121},
   number = {6},
   pages = {1459-1468},
   DOI = {10.1111/j.1523-1747.2003.12611.x},
   url = {http://dx.doi.org/10.1111/j.1523-1747.2003.12611.x},
   year = {2003},
   type = {Journal Article}
}

@article{RN344,
   author = {Gelfand, J. M. and Gladman, D. D. and Mease, P. J. and Academy …, Smith - N.},
   title = {Epidemiology of psoriatic arthritis in the population of the United States},
   journal = {… the American Academy …},
   url = {http://www.sciencedirect.com/science/article/pii/S0190962205010108},
   year = {2005},
   type = {Journal Article}
}

@article{RN348,
   author = {Gelfand, J. M. and Neimann, A. L. and Shin, D. B. and Jama, Wang - X.},
   title = {Risk of myocardial infarction in patients with psoriasis},
   journal = {Jama},
   url = {http://jamanetwork.com/journals/jama/fullarticle/203598},
   year = {2006},
   type = {Journal Article}
}

@article{RN351,
   author = {Gelfand, J. M. and Shin, D. B. and Neimann, A. L. and of Investigative …, Wang - X.},
   title = {The risk of lymphoma in patients with psoriasis},
   journal = {Journal of Investigative …},
   url = {http://www.sciencedirect.com/science/article/pii/S0022202X15326348},
   year = {2006},
   type = {Journal Article}
}

@article{RN30,
   author = {Gilad, Y. and Rifkin, S. A. and Pritchard, J. K.},
   title = {Revealing the architecture of gene regulation: the promise of eQTL studies},
   journal = {Trends Genet},
   volume = {24},
   pages = {408-15},
   ISSN = {0168-9525 (Print)},
   DOI = {10.1016/j.tig.2008.06.001
10.1016/j.tig.2008.06.001.},
   url = {http://dx.doi.org/10.1016/j.tig.2008.06.001},
   year = {2008},
   type = {Journal Article}
}

@article{RN347,
   author = {Gladman, D. D. and Ang, M. and Su, L. and of the …, B. D. M.},
   title = {Cardiovascular morbidity in psoriatic arthritis},
   journal = {Annals of the …},
   DOI = {10.1136/ard.2008.094839},
   url = {http://dx.doi.org/10.1136/ard.2008.094839},
   year = {2009},
   type = {Journal Article}
}

@article{RN453,
   author = {Gladman, D. D. and Anhorn, K. A. and Schachter, R. K. and Mervart, H.},
   title = {HLA antigens in psoriatic arthritis},
   journal = {The Journal of Rheumatology},
   volume = {13},
   number = {3},
   pages = {586-592},
   url = {http://scholar.google.com/scholar?q=HLA antigens in psoriatic arthritis.&btnG=&hl=en&num=20&as_sdt=0%2C22},
   year = {1986},
   type = {Journal Article}
}

@article{RN380,
   author = {Gladman, D. D. and Antoni, C. and Mease, P. and of the rheumatic …, Clegg - D. O.},
   title = {Psoriatic arthritis: epidemiology, clinical features, course, and outcome},
   journal = {Annals of the rheumatic …},
   url = {http://ard.bmj.com/content/64/suppl_2/ii14.short},
   year = {2005},
   type = {Journal Article}
}

@article{RN488,
   author = {Glessner, J. T. and Wang, K. and Cai, G. and Korvatska, O. and Nature, Kim - C. E.},
   title = {Autism genome-wide copy number variation reveals ubiquitin and neuronal genes},
   journal = {Nature},
   DOI = {10.1038/nature07953},
   url = {http://dx.doi.org/10.1038/nature07953},
   year = {2009},
   type = {Journal Article}
}

@article{RN499,
   author = {Gobbi, De M. and Viprakasit, V. and Hughes, J. R. and …, Fisher - C.},
   title = {A regulatory SNP causes a human genetic disease by creating a new transcriptional promoter},
   journal = {…},
   DOI = {10.1126/science.1126431},
   url = {http://dx.doi.org/10.1126/science.1126431},
   year = {2006},
   type = {Journal Article}
}

@article{RN521,
   author = {Goldminz, A. M. and Au, S. C. and Kim, N. and Gottlieb, A. B. and Lizzul, P. F.},
   title = {NF- B: an essential transcription factor in psoriasis},
   journal = {Journal of dermatological science},
   volume = {69},
   number = {2},
   pages = {89-94},
   url = {http://scholar.google.com/scholar?q=NF- B: an essential transcription factor in psoriasis&btnG=&hl=en&num=20&as_sdt=0%2C22},
   year = {2013},
   type = {Journal Article}
}

@article{RN444,
   author = {Gossec, L. and Smolen, J. S. and Ramiro, S. and de Wit, M. and Cutolo, M. and Dougados, M. and Emery, P. and Landewé, R. and Oliver, S. and Aletaha, D. and Betteridge, N. and Braun, J. and Burmester, G. and Cañete, J. D. and Damjanov, N. and FitzGerald, O. and Haglund, E. and Helliwell, P. and Kvien, T. K. and Lories, R. and Luger, T. and Maccarone, M. and Marzo-Ortega, H. and McGonagle, D. and McInnes, I. B. and Olivieri, I. and Pavelka, K. and Schett, G. and Sieper, J. and van den Bosch, F. and Veale, D. J. and Wollenhaupt, J. and Zink, A. and van der Heijde, D.},
   title = {European League Against Rheumatism (EULAR) recommendations for the management of psoriatic arthritis with pharmacological therapies: 2015 update},
   journal = {Annals of the rheumatic diseases},
   volume = {75},
   number = {3},
   pages = {499-510},
   ISSN = {0003-4967},
   DOI = {10.1136/annrheumdis-2015-208337},
   url = {http://dx.doi.org/10.1136/annrheumdis-2015-208337},
   year = {2016},
   type = {Journal Article}
}

@article{RN67,
   author = {Gradman, R. J. and Reznikoff, W. S.},
   title = {Tn5 synaptic complex formation: role of transposase residue W450},
   journal = {J Bacteriol},
   volume = {190},
   number = {4},
   pages = {1484-7},
   ISSN = {0021-9193},
   DOI = {10.1128/jb.01488-07},
   year = {2008},
   type = {Journal Article}
}

@article{RN62,
   author = {Greenleaf, Jason D. Buenrostro and Paul, G. Giresi and Lisa, C. Zaba and Howard, Y. Chang and William, J.},
   title = {Transposition of native chromatin for fast and sensitive epigenomic profiling of open chromatin, DNA-binding proteins and nucleosome position},
   journal = {Nature Methods},
   volume = {10},
   pages = {1213-1218},
   ISSN = {1548-7091},
   DOI = {doi:10.1038/nmeth.2688},
   url = {http://www.nature.com/nmeth/journal/v10/n12/full/nmeth.2688.html},
   year = {2013},
   type = {Journal Article}
}

@article{RN502,
   author = {Gregory, Adam P. and Dendrou, Calliope A. and Attfield, Kathrine E. and Haghikia, Aiden and Xifara, Dionysia K. and Butter, Falk and Poschmann, Gereon and Kaur, Gurman and Lambert, Lydia and Leach, Oliver A.},
   title = {TNF receptor 1 genetic risk mirrors outcome of anti-TNF therapy in multiple sclerosis},
   journal = {Nature},
   volume = {488},
   number = {7412},
   pages = {508},
   DOI = {10.1038/nature11307},
   url = {http://dx.doi.org/10.1038/nature11307},
   year = {2012},
   type = {Journal Article}
}

@article{RN403,
   author = {Griffiths, C. E. and journal of pathology, Nickoloff - B. J.},
   title = {Keratinocyte intercellular adhesion molecule-1 (ICAM-1) expression precedes dermal T lymphocytic infiltration in allergic contact dermatitis (Rhus dermatitis)},
   journal = {The American journal of pathology},
   url = {https://www.ncbi.nlm.nih.gov/pmc/articles/PMC1880503/},
   year = {1989},
   type = {Journal Article}
}

@article{RN345,
   author = {Griffiths, C. E. M. and Lancet, Jnwn},
   title = {Pathogenesis and clinical features of psoriasis},
   journal = {The Lancet},
   url = {http://www.sciencedirect.com/science/article/pii/S0140673607611283},
   year = {2007},
   type = {Journal Article}
}

@article{RN305,
   author = {Gudjonsson, J. E. and Ding, J. and Johnston, A. and Tejasvi, T. and Guzman, A. M. and Nair, R. P. and Voorhees, J. J. and Abecasis, G. R. and Elder, J. T.},
   title = {Assessment of the psoriatic transcriptome in a large sample: additional regulated genes and comparisons with in vitro models},
   journal = {J Invest Dermatol},
   volume = {130},
   number = {7},
   pages = {1829-40},
   ISSN = {0022-202x},
   DOI = {10.1038/jid.2010.36},
   year = {2010},
   type = {Journal Article}
}

@article{RN48,
   author = {Gudjonsson, Johann E.  and Johnston, Andrew   and Ellis, Charles N. },
   title = {Novel systemic drugs under investigation for the treatment of psoriasis},
   volume = {67},
   pages = {139–147},
   url = {http://www.sciencedirect.com/science/article/pii/S0190962211008462#},
   year = {2012},
   type = {Journal Article}
}

@article{RN405,
   author = {Gudjonsson, J. E. and journal of …, Karason - A.},
   title = {Psoriasis patients who are homozygous for the HLA‐Cw* 0602 allele have a 2· 5‐fold increased risk of developing psoriasis compared with Cw6 heterozygotes},
   journal = {British journal of …},
   DOI = {10.1046/j.1365-2133.2003.05115.x},
   url = {http://dx.doi.org/10.1046/j.1365-2133.2003.05115.x},
   year = {2003},
   type = {Journal Article}
}

@article{RN383,
   author = {Guðjónsson, J. E. and Valdimarsson, H. and of investigative …, Kárason - A.},
   title = {HLA-Cw6-positive and HLA-Cw6-negative patients with psoriasis vulgaris have distinct clinical features},
   journal = {Journal of investigative …},
   url = {http://www.sciencedirect.com/science/article/pii/S0022202X1541574X},
   year = {2002},
   type = {Journal Article}
}

@article{RN354,
   author = {Gupta, M. A. and Schork, N. J. and journal …, Gupta - A. K.},
   title = {Suicidal ideation in psoriasis},
   journal = {International journal …},
   DOI = {10.1111/j.1365-4362.1993.tb02790.x},
   url = {http://dx.doi.org/10.1111/j.1365-4362.1993.tb02790.x},
   year = {1993},
   type = {Journal Article}
}

@article{RN309,
   author = {Gutowska‐Owsiak, D. and Schaupp, A. L.},
   title = {IL‐17 downregulates filaggrin and affects keratinocyte expression of genes associated with cellular adhesion},
   journal = {Experimental dermatology},
   volume = {21},
   pages = {104-110},
   DOI = {10.1111/j.1600-0625.2011.01412.x},
   url = {http://dx.doi.org/10.1111/j.1600-0625.2011.01412.x},
   year = {2012},
   type = {Journal Article}
}

@article{RN414,
   author = {Haddad, Amir and Chandran, Vinod},
   title = {Arthritis Mutilans},
   journal = {Current Rheumatology Reports},
   volume = {15},
   number = {4},
   ISSN = {1523-3774},
   DOI = {10.1007/s11926-013-0321-7},
   url = {http://dx.doi.org/10.1007/s11926-013-0321-7},
   year = {2013},
   type = {Journal Article}
}

@article{RN366,
   author = {Hammer, R. E. and Maika, S. D. and Richardson, J. A. and Cell, Tang - J. P.},
   title = {Spontaneous inflammatory disease in transgenic rats expressing HLA-B27 and human β2m: an animal model of HLA-B27-associated human disorders},
   journal = {Cell},
   url = {http://www.sciencedirect.com/science/article/pii/009286749090512D},
   year = {1990},
   type = {Journal Article}
}

@article{RN514,
   author = {Hanson, A. L. and Cuddihy, T. and Haynes, K. and  …, Loo - D.},
   title = {Genetic Variants in ERAP1 and ERAP2 Associated With Immune‐Mediated Diseases Influence Protein Expression and the Isoform Profile},
   journal = {Arthritis & …},
   url = {https://onlinelibrary.wiley.com/doi/abs/10.1002/art.40369},
   year = {2018},
   type = {Journal Article}
}

@article{RN200,
   author = {Harmston, Nathan and Lenhard, Boris},
   title = {Chromatin and epigenetic features of long-range gene regulation},
   journal = {Nucleic Acids Research},
   DOI = {10.1093/nar/gkt499},
   url = {http://nar.oxfordjournals.org/content/early/2013/06/13/nar.gkt499.abstract},
   year = {2013},
   type = {Journal Article}
}

@article{RN376,
   author = {Hay, R. J. and Johns, N. E. and Williams, H. C. and of Investigative …, Bolliger - I. W.},
   title = {The global burden of skin disease in 2010: an analysis of the prevalence and impact of skin conditions},
   journal = {Journal of Investigative …},
   url = {http://www.sciencedirect.com/science/article/pii/S0022202X15368275},
   year = {2014},
   type = {Journal Article}
}

@article{RN327,
   author = {Heger, A. and Webber, C. and Goodson, M. and Ponting, C. P.},
   title = {GAT: a simulation framework for testing the association of genomic intervals},
   journal = {Bioinformatics},
   volume = {29},
   pages = {2046-2048},
   DOI = {10.1093/bioinformatics/btt343},
   url = {http://dx.doi.org/10.1093/bioinformatics/btt343},
   year = {2013},
   type = {Journal Article}
}

@article{RN270,
   author = {Henseler, T. and Christophers, E.},
   title = {Psoriasis of early and late onset: characterization of two types of psoriasis vulgaris},
   journal = {J Am Acad Dermatol},
   volume = {13},
   number = {3},
   pages = {450-6},
   ISSN = {0190-9622 (Print)
0190-9622},
   year = {1985},
   type = {Journal Article}
}

@article{RN63,
   author = {Higgs, Jim R. Hughes and Nigel, Roberts and Simon, McGowan and Deborah, Hay and Eleni, Giannoulatou and Magnus, Lynch and Marco De, Gobbi and Stephen, Taylor and Richard, Gibbons and Douglas, R.},
   title = {Analysis of hundreds of cis-regulatory landscapes at high resolution in a single, high-throughput experiment},
   journal = {Nature Genetics},
   volume = {46},
   pages = {205-212},
   ISSN = {1061-4036},
   DOI = {doi:10.1038/ng.2871},
   url = {http://www.nature.com/ng/journal/v46/n2/full/ng.2871.html},
   year = {2014},
   type = {Journal Article}
}

@article{RN246,
   author = {Hindorff, L. A. and Sethupathy, P. and Junkins, H. A. and Ramos, E. M. and Mehta, J. P. and Collins, F. S. and Manolio, T. A.},
   title = {Potential etiologic and functional implications of genome-wide association loci for human diseases and traits},
   journal = {Proc Natl Acad Sci U S A},
   volume = {106},
   number = {23},
   pages = {9362-7},
   ISSN = {0027-8424},
   DOI = {10.1073/pnas.0903103106},
   year = {2009},
   type = {Journal Article}
}

@article{RN245,
   author = {Hirschhorn, Joel N.},
   title = {Genetic Approaches to Studying Common Diseases and Complex Traits},
   journal = {Pediatr Res},
   volume = {57},
   number = {5 Part 2},
   pages = {74-77},
   ISSN = {0031-3998},
   url = {http://dx.doi.org/10.1203/01.PDR.0000159574.98964.87},
   year = {2005},
   type = {Journal Article}
}

@article{RN473,
   author = {Hirschhorn, J. N. and Genetics, Daly - M. J.},
   title = {Genome-wide association studies for common diseases and complex traits},
   journal = {Nature Reviews Genetics},
   DOI = {10.1038/nrg1521},
   url = {http://dx.doi.org/10.1038/nrg1521},
   year = {2005},
   type = {Journal Article}
}

@article{RN419,
   author = {Hitchon, Carol A. and Danning, Carol L. and Illei, Gabor G. and El-Gabalawy, Hani S. and Boumpas, Dimitrios T.},
   title = {Gelatinase expression and activity in the synovium and skin of patients with erosive psoriatic arthritis},
   journal = {The Journal of rheumatology},
   volume = {29},
   number = {1},
   pages = {107-117},
   url = {http://scholar.google.com/scholar?q=Gelatinase expression and activity in the synovium and skin of patients with erosive psoriatic arthritis.&btnG=&hl=en&num=20&as_sdt=0%2C22},
   year = {2002},
   type = {Journal Article}
}

@article{RN70,
   author = {Hoffman, M. M. and Ernst, J. and Wilder, S. P. and Kundaje, A. and Harris, R. S. and Libbrecht, M. and Giardine, B. and Ellenbogen, P. M. and Bilmes, J. A. and Birney, E. and Hardison, R. C. and Dunham, I. and Kellis, M. and Noble, W. S.},
   title = {Integrative annotation of chromatin elements from ENCODE data},
   journal = {Nucleic Acids Res},
   volume = {41},
   number = {2},
   pages = {827-41},
   ISSN = {0305-1048},
   DOI = {10.1093/nar/gks1284},
   year = {2013},
   type = {Journal Article}
}

@article{RN467,
   author = {Höhler, T. and of the …, Grossmann - S.},
   title = {Differential association of polymorphisms in the TNFα region with psoriatic arthritis but not psoriasis},
   journal = {Annals of the …},
   url = {http://ard.bmj.com/content/61/3/213.short},
   year = {2002},
   type = {Journal Article}
}

@article{RN300,
   author = {Holoch, Daniel and Moazed, Danesh},
   title = {RNA-mediated epigenetic regulation of gene expression},
   journal = {Nature Reviews Genetics},
   url = {http://www.nature.com/nrg/journal/vaop/ncurrent/full/nrg3863.html},
   year = {2015},
   type = {Journal Article}
}

@article{RN422,
   author = {Hu, Stephen and Yu, Hsin-Su and Yen, Feng-Lin and Lin, Chi-Ling and Chen, Gwo-Shing and Lan, Cheng-Che E.},
   title = {Neutrophil extracellular trap formation is increased in psoriasis and induces human β-defensin-2 production in epidermal keratinocytes},
   journal = {Scientific Reports},
   volume = {6},
   number = {1},
   pages = {31119},
   ISSN = {2045-2322},
   DOI = {10.1038/srep31119},
   url = {http://dx.doi.org/10.1038/srep31119},
   year = {2016},
   type = {Journal Article}
}

@article{RN19,
   author = {Huber, M. and Heink, S. and Grothe, H. and Guralnik, A. and Reinhard, K. and Elflein, K. and Hunig, T. and Mittrucker, H. W. and Brustle, A. and Kamradt, T. and Lohoff, M.},
   title = {A Th17-like developmental process leads to CD8(+) Tc17 cells with reduced cytotoxic activity},
   journal = {Eur J Immunol},
   volume = {39},
   pages = {1716-25},
   ISSN = {0014-2980},
   DOI = {10.1002/eji.200939412
10.1002/eji.200939412.},
   url = {http://dx.doi.org/10.1002/eji.200939412},
   year = {2009},
   type = {Journal Article}
}

@article{RN197,
   author = {Hueber, A. J. and Alves-Filho, J. C. and Asquith, D. L. and Michels, C. and Millar, N. L. and Reilly, J. H. and Graham, G. J. and Liew, F. Y. and Miller, A. M. and McInnes, I. B.},
   title = {IL-33 induces skin inflammation with mast cell and neutrophil activation},
   journal = {Eur J Immunol},
   volume = {41},
   number = {8},
   pages = {2229-37},
   ISSN = {0014-2980},
   DOI = {10.1002/eji.201041360},
   year = {2011},
   type = {Journal Article}
}

@article{RN283,
   author = {Hüffmeier, U. and Uebe, S. and Ekici, A. B. and Bowes, J. and Giardina, E.},
   title = {Common variants at TRAF3IP2 are associated with susceptibility to psoriatic arthritis and psoriasis},
   journal = {Nature …},
   volume = {42},
   pages = {996-999},
   DOI = {10.1038/ng.688},
   url = {http://dx.doi.org/10.1038/ng.688},
   year = {2010},
   type = {Journal Article}
}

@article{RN393,
   author = {Hundhausen, C. and Bertoni, A. and Mak, R. K. and of Investigative …, Botti - E.},
   title = {Allele-Specific Cytokine Responses at the HLA-C Locus: Implications for Psoriasis},
   journal = {Journal of Investigative …},
   url = {http://www.sciencedirect.com/science/article/pii/S0022202X15356189},
   year = {2012},
   type = {Journal Article}
}

@article{RN384,
   author = {Husted, J. A. and care and  …, Thavaneswaran - A.},
   title = {Cardiovascular and other comorbidities in patients with psoriatic arthritis: a comparison with patients with psoriasis},
   journal = {Arthritis care & …},
   DOI = {10.1002/acr.20627},
   url = {http://dx.doi.org/10.1002/acr.20627},
   year = {2011},
   type = {Journal Article}
}

@article{RN304,
   author = {Ibrahim, G. and Waxman, R. and Helliwell, P. S.},
   title = {The prevalence of psoriatic arthritis in people with psoriasis},
   journal = {Arthritis Rheum},
   volume = {61},
   number = {10},
   pages = {1373-8},
   ISSN = {0004-3591 (Print)
0004-3591},
   DOI = {10.1002/art.24608},
   year = {2009},
   type = {Journal Article}
}

@misc{RN509,
   url = { http://www.immunobase.org},
   type = {Web Page}
}

@article{RN285,
   author = {Jabbari, Ali and Suárez-Fariñas, Mayte and Dewell, Scott and Krueger, James G.},
   title = {Transcriptional profiling of psoriasis using RNA-seq reveals previously unidentified differentially expressed genes},
   journal = {The Journal of investigative dermatology},
   volume = {132},
   number = {1},
   pages = {246-249},
   ISSN = {0022-202X},
   DOI = {10.1038/jid.2011.267},
   url = {http://dx.doi.org/10.1038/jid.2011.267},
   year = {2012},
   type = {Journal Article}
}

@article{RN519,
   author = {Jackson, B. and Tilli, Cmlj and Hardman, M. J. and of Investigative …, Avilion - A. A.},
   title = {Late cornified envelope family in differentiating epithelia—response to calcium and ultraviolet irradiation},
   journal = {Journal of Investigative …},
   url = {https://www.sciencedirect.com/science/article/pii/S0022202X15322934},
   year = {2005},
   type = {Journal Article}
}

@article{RN18,
   author = {Jackson, M. and Howie, S. E. and Weller, R. and Sabin, E. and Hunter, J. A. and McKenzie, R. C.},
   title = {Psoriatic keratinocytes show reduced IRF-1 and STAT-1alpha activation in response to gamma-IFN},
   journal = {Faseb j},
   volume = {13},
   number = {3},
   pages = {495-502},
   ISSN = {0892-6638 (Print)
0892-6638},
   year = {1999},
   type = {Journal Article}
}

@article{RN342,
   author = {Jacobson, Christine C. and Kumar, Sandeep and Kimball, Alexa B.},
   title = {Latitude and psoriasis prevalence},
   journal = {Journal of the American Academy of Dermatology},
   volume = {65},
   number = {4},
   pages = {870-873},
   ISSN = {0190-9622},
   DOI = {10.1016/j.jaad.2009.05.047},
   url = {http://dx.doi.org/10.1016/j.jaad.2009.05.047},
   year = {2011},
   type = {Journal Article}
}

@article{RN360,
   author = {Jadon, D. R. and Sengupta, R. and of the …, Nightingale - A.},
   title = {Axial Disease in Psoriatic Arthritis study: defining the clinical and radiographic phenotype of psoriatic spondyloarthritis},
   journal = {Annals of the …},
   DOI = {10.1136/annrheumdis-2016-209853},
   url = {http://dx.doi.org/10.1136/annrheumdis-2016-209853},
   year = {2016},
   type = {Journal Article}
}

@article{RN374,
   author = {Jadon, D. R. and Sengupta, R. and of the …, Nightingale - A.},
   title = {Axial Disease in Psoriatic Arthritis study: defining the clinical and radiographic phenotype of psoriatic spondyloarthritis},
   journal = {Annals of the …},
   DOI = {10.1136/annrheumdis-2016-209853},
   url = {http://dx.doi.org/10.1136/annrheumdis-2016-209853},
   year = {2016},
   type = {Journal Article}
}

@article{RN377,
   author = {Johnson-Huang, L. M. and McNutt, N. S. and of clinical …, Krueger - J. G.},
   title = {Cytokine-producing dendritic cells in the pathogenesis of inflammatory skin diseases},
   journal = {Journal of clinical …},
   url = {http://link.springer.com/article/10.1007/s10875-009-9278-8},
   year = {2009},
   type = {Journal Article}
}

@article{RN475,
   author = {Jonker, M. J. and de Leeuw, W. C. and acids …, Marinković - M.},
   title = {Absence/presence calling in microarray-based CGH experiments with non-model organisms},
   journal = {Nucleic acids …},
   DOI = {10.1093/nar/gku343},
   url = {http://dx.doi.org/10.1093/nar/gku343},
   year = {2014},
   type = {Journal Article}
}

@article{RN463,
   author = {Jordan, C. T. and Cao, L. and Roberson, E. D. O. and of …, Duan - S.},
   title = {Rare and common variants in CARD14, encoding an epidermal regulator of NF-kappaB, in psoriasis},
   journal = {The American Journal of …},
   url = {https://www.sciencedirect.com/science/article/pii/S0002929712001577},
   year = {2012},
   type = {Journal Article}
}

@article{RN516,
   author = {Jordan, C. T. and Cao, L. and Roberson, E. D. O. and of …, Pierson - K. C.},
   title = {PSORS2 is due to mutations in CARD14},
   journal = {The American Journal of …},
   url = {https://www.sciencedirect.com/science/article/pii/S0002929712001565},
   year = {2012},
   type = {Journal Article}
}

@article{RN198,
   author = {Kakkar, R. and Lee, R. T.},
   title = {The IL-33/ST2 pathway: therapeutic target and novel biomarker},
   journal = {Nat Rev Drug Discov},
   volume = {7},
   number = {10},
   pages = {827-40},
   ISSN = {1474-1776},
   DOI = {10.1038/nrd2660},
   year = {2008},
   type = {Journal Article}
}

@article{RN461,
   author = {Karason, A. and Gudjonsson, J. E. and of …, Upmanyu - R.},
   title = {A susceptibility gene for psoriatic arthritis maps to chromosome 16q: evidence for imprinting},
   journal = {The American Journal of …},
   url = {https://www.sciencedirect.com/science/article/pii/S0002929707605102},
   year = {2003},
   type = {Journal Article}
}

@article{RN315,
   author = {Kent, L.},
   title = {Freezing and thawing human embryonic stem cells},
   journal = {Journal of visualized experiments: JoVE},
   url = {http://www.ncbi.nlm.nih.gov/pmc/articles/PMC3152242/},
   year = {2009},
   type = {Journal Article}
}

@article{RN423,
   author = {Kent, Lia},
   title = {Freezing and Thawing Human Embryonic Stem Cells},
   journal = {Journal of Visualized Experiments : JoVE},
   number = {34},
   pages = {1555},
   DOI = {10.3791/1555},
   url = {http://dx.doi.org/10.3791/1555},
   year = {2009},
   type = {Journal Article}
}

@article{RN404,
   author = {Kim, G. K. and of, clinical and aesthetic, Del J. Q.},
   title = {Drug-provoked psoriasis: is it drug induced or drug aggravated?: understanding pathophysiology and clinical relevance},
   journal = {The Journal of clinical and aesthetic …},
   url = {https://www.ncbi.nlm.nih.gov/pmc/articles/PMC2921739/},
   year = {2010},
   type = {Journal Article}
}

@article{RN329,
   author = {Koohy, Hashem and Down, Thomas A. and Spivakov, Mikhail and Hubbard, Tim},
   title = {A comparison of peak callers used for DNase-Seq data},
   journal = {PloS one},
   volume = {9},
   number = {5},
   ISSN = {1932-6203},
   DOI = {10.1371/journal.pone.0096303},
   url = {http://dx.doi.org/10.1371/journal.pone.0096303},
   year = {2014},
   type = {Journal Article}
}

@article{RN430,
   author = {Kryczek, I. and Bruce, A. T. and of …, Gudjonsson - J. E.},
   title = {Induction of IL-17+ T cell trafficking and development by IFN-γ: mechanism and pathological relevance in psoriasis},
   journal = {The Journal of …},
   DOI = {10.4049/jimmunol.181.7.4733},
   url = {http://dx.doi.org/10.4049/jimmunol.181.7.4733},
   year = {2008},
   type = {Journal Article}
}

@article{RN468,
   author = {Ku, C. S. and Loy, E. Y. and Salim, A. and of human genetics, Pawitan - Y.},
   title = {The discovery of human genetic variations and their use as disease markers: past, present and future},
   journal = {Journal of human genetics},
   DOI = {10.1038/jhg.2010.55},
   url = {http://dx.doi.org/10.1038/jhg.2010.55},
   year = {2010},
   type = {Journal Article}
}

@article{RN44,
   author = {Kudlow and Susan, M. Lobo-Ruppert and J Michael Ruppert, K. Wade Foster and Zhaoli, Liu and Clinton, D. Nail and Xingnan, Li and Thomas, J. Fitzgerald and Sarah, K. Bailey and Andra, R. Frost and Iuri, D. Louro and Tim, M. Townes and Andrew, J. Paterson and Jeffrey, E.},
   title = {Induction of KLF4 in basal keratinocytes blocks the proliferation|[ndash]|differentiation switch and initiates squamous epithelial dysplasia},
   journal = {Oncogene},
   volume = {24},
   pages = {1491-1500},
   ISSN = {0950-9232},
   DOI = {doi:10.1038/sj.onc.1208307},
   url = {http://www.nature.com/onc/journal/v24/n9/abs/1208307a.html},
   year = {2005},
   type = {Journal Article}
}

@article{RN387,
   author = {Lande, R. and Gregorio, J. and Facchinetti, V. and Chatterjee, B. and Wang, Y. and Homey, B. and Cao, W. and Su, B. and Nestle, F. and Zal, T. and Mellman, I. and Schroder, J. and Liu, Y. and Gilliet, M.},
   title = {Plasmacytoid dendritic cells sense self-DNA coupled with antimicrobial peptide},
   journal = {Nature},
   volume = {449},
   DOI = {10.1038/nature06116},
   url = {http://dx.doi.org/10.1038/nature06116},
   year = {2007},
   type = {Journal Article}
}

@article{RN11,
   author = {Lande, R. and Gregorio, J. and Facchinetti, V. and Chatterjee, B. and Wang, Y. H. and Homey, B. and Cao, W. and Su, B. and Nestle, F. O. and Zal, T. and Mellman, I. and Schroder, J. M. and Liu, Y. J. and Gilliet, M.},
   title = {Plasmacytoid dendritic cells sense self-DNA coupled with antimicrobial peptide},
   journal = {Nature},
   volume = {449},
   pages = {564-9},
   ISSN = {0028-0836},
   DOI = {10.1038/nature06116},
   url = {http://dx.doi.org/10.1038/nature06116},
   year = {2007},
   type = {Journal Article}
}

@article{RN424,
   author = {Langewouters, A. M. G. and Erp, P. E. J. and Jong, Emgj and Kerkhof, P. C. M.},
   title = {Lymphocyte subsets in peripheral blood of patients with moderate-to-severe versus mild plaque psoriasis},
   journal = {Archives of dermatological research},
   volume = {300},
   number = {3},
   pages = {107-113},
   DOI = {10.1007/s00403-007-0819-9},
   url = {http://dx.doi.org/10.1007/s00403-007-0819-9},
   year = {2008},
   type = {Journal Article}
}

@article{RN310,
   author = {Langmead, B. and Salzberg, S. L.},
   title = {Fast gapped-read alignment with Bowtie 2},
   journal = {Nature methods},
   DOI = {10.1038/nmeth.1923},
   url = {http://dx.doi.org/10.1038/nmeth.1923},
   year = {2012},
   type = {Journal Article}
}

@article{RN474,
   author = {Langmead, Ben and Trapnell, Cole and Pop, Mihai and Salzberg, Steven L.},
   title = {Ultrafast and memory-efficient alignment of short DNA sequences to the human genome},
   journal = {Genome biology},
   volume = {10},
   number = {3},
   url = {http://scholar.google.com/scholar?q=Ultrafast and memory-efficient alignment of short DNA sequences to the human genome&btnG=&hl=en&num=20&as_sdt=0%2C22},
   year = {2009},
   type = {Journal Article}
}

@article{RN293,
   author = {Lavin, Y. and Winter, D. and Blecher-Gonen, R. and David, E. and Keren-Shaul, H. and Merad, M. and Jung, S. and Amit, I.},
   title = {Tissue-resident macrophage enhancer landscapes are shaped by the local microenvironment},
   journal = {Cell},
   volume = {159},
   number = {6},
   pages = {1312-26},
   ISSN = {0092-8674},
   DOI = {10.1016/j.cell.2014.11.018},
   year = {2014},
   type = {Journal Article}
}

@article{RN425,
   author = {Lecewicz-Toruń, B. and Pietrzak, A. and Science …, Roliński - J.},
   title = {The peripheral blood lymphocyte pattern in psoriasis preceded by an infection},
   journal = {Medical Science …},
   url = {https://www.medscimonit.com/fulltxt.php?ICID=508560},
   year = {2001},
   type = {Journal Article}
}

@article{RN254,
   author = {Lee, D. and Gorkin, D. U. and Baker, M. and Strober, B. J. and Asoni, A. L. and McCallion, A. S. and Beer, M. A.},
   title = {A method to predict the impact of regulatory variants from DNA sequence},
   journal = {Nat Genet},
   volume = {47},
   number = {8},
   pages = {955-61},
   ISSN = {1061-4036},
   DOI = {10.1038/ng.3331},
   year = {2015},
   type = {Journal Article}
}

@article{RN261,
   author = {Lee, Mark N. and Ye, Chun and Villani, Alexandra-Chloé C. and Raj, Towfique and Li, Weibo and Eisenhaure, Thomas M. and Imboywa, Selina H. and Chipendo, Portia I. and Ran, F. A. and Slowikowski, Kamil and Ward, Lucas D. and Raddassi, Khadir and McCabe, Cristin and Lee, Michelle H. and Frohlich, Irene Y. and Hafler, David A. and Kellis, Manolis and Raychaudhuri, Soumya and Zhang, Feng and Stranger, Barbara E. and Benoist, Christophe O. and De Jager, Philip L. and Regev, Aviv and Hacohen, Nir},
   title = {Common genetic variants modulate pathogen-sensing responses in human dendritic cells},
   journal = {Science (New York, N.Y.)},
   volume = {343},
   number = {6175},
   pages = {1246980-9},
   ISSN = {0036-8075},
   DOI = {10.1126/science.1246980},
   url = {http://dx.doi.org/10.1126/science.1246980},
   year = {2014},
   type = {Journal Article}
}

@article{RN435,
   author = {Leijten, Emmerik F. A. and Kempen, Tessa S. and Boes, Marianne and Amelsfort, Jocea M. R. and Hijnen, Dirkjan and Hartgring, Sarita A. Y. and Roon, Joel A. G. and Wenink, Mark H. and Radstake, Timothy},
   title = {Brief report: enrichment of activated group 3 innate lymphoid cells in psoriatic arthritis synovial fluid},
   journal = {Arthritis & Rheumatology},
   volume = {67},
   number = {10},
   pages = {2673-2678},
   DOI = {10.1002/art.39261},
   url = {http://dx.doi.org/10.1002/art.39261},
   year = {2015},
   type = {Journal Article}
}

@article{RN286,
   author = {Li, B. and Tsoi, L. and Swindell, W. and Gudjonsson, J. and Tejasvi, T. and Johnston, A. and Ding, J. and Stuart, P. and Xing, X. and Kochkodan, J. and Voorhees, J. and Kang, H. and Nair, R. and Abecasis, G. and Elder, J.},
   title = {Transcriptome analysis of psoriasis in a large case-control sample: RNA-seq provides insights into disease mechanisms},
   journal = {J Invest Dermatol},
   volume = {134},
   pages = {1828-1838},
   ISSN = {0022-202x},
   DOI = {10.1038/jid.2014.28},
   url = {http://dx.doi.org/10.1038/jid.2014.28},
   type = {Journal Article}
}

@article{RN55,
   author = {Li, B. and Tsoi, L. C. and Swindell, W. R. and Gudjonsson, J. E. and Tejasvi, T. and Johnston, A. and Ding, J. and Stuart, P. E. and Xing, X. and Kochkodan, J. J. and Voorhees, J. J. and Kang, H. M. and Nair, R. P. and Abecasis, G. R. and Elder, J. T.},
   title = {Transcriptome analysis of psoriasis in a large case-control sample: RNA-seq provides insights into disease mechanisms},
   journal = {J Invest Dermatol},
   volume = {134},
   pages = {1828-38},
   ISSN = {0022-202x},
   DOI = {10.1038/jid.2014.28
10.1038/jid.2014.28. Epub 2014 Jan 17.},
   url = {http://dx.doi.org/10.1038/jid.2014.28},
   year = {2014},
   type = {Journal Article}
}

@article{RN266,
   author = {Li, M. J. and Wang, L. Y. and Xia, Z. and Sham, P. C.},
   title = {GWAS3D: detecting human regulatory variants by integrative analysis of genome-wide associations, chromosome interactions and histone modifications},
   journal = {Nucleic acids research},
   volume = {41},
   pages = {150-158},
   DOI = {10.1093/nar/gkt456},
   url = {http://dx.doi.org/10.1093/nar/gkt456},
   year = {2013},
   type = {Journal Article}
}

@article{RN421,
   author = {Lin, Andrew M. and Rubin, Cory J. and Khandpur, Ritika and Wang, Jennifer Y. and Riblett, MaryBeth and Yalavarthi, Srilakshmi and Villanueva, Eneida C. and Shah, Parth and Kaplan, Mariana J. and Bruce, Allen T.},
   title = {Mast Cells and Neutrophils Release IL-17 through Extracellular Trap Formation in Psoriasis},
   journal = {The Journal of Immunology},
   volume = {187},
   number = {1},
   pages = {490-500},
   ISSN = {0022-1767},
   DOI = {10.4049/jimmunol.1100123},
   url = {http://dx.doi.org/10.4049/jimmunol.1100123},
   year = {2011},
   type = {Journal Article}
}

@article{RN333,
   author = {Liu, Ying and Helms, Cynthia and Liao, Wilson and Zaba, Lisa C. and Duan, Shenghui and Gardner, Jennifer and Wise, Carol and Miner, Andrew and Malloy, M. J. and Pullinger, Clive R. and Kane, John P. and Saccone, Scott and Worthington, Jane and Bruce, Ian and Kwok, Pui–Yan and Menter, Alan and Krueger, James and Barton, Anne and Saccone, Nancy L. and Bowcock, Anne M.},
   title = {A Genome-Wide Association Study of Psoriasis and Psoriatic Arthritis Identifies New Disease Loci},
   journal = {PLoS Genetics},
   volume = {4},
   number = {4},
   pages = {1-14},
   ISSN = {1553-7390},
   DOI = {10.1371/journal.pgen.1000041},
   url = {http://dx.doi.org/10.1371/journal.pgen.1000041},
   year = {2008},
   type = {Journal Article}
}

@article{RN522,
   author = {Lizzul, P. F. and Aphale, A. and Malaviya, R. and of Investigative …, Sun - Y.},
   title = {Differential expression of phosphorylated NF-κB/RelA in normal and psoriatic epidermis and downregulation of NF-κB in response to treatment with …},
   journal = {Journal of Investigative …},
   url = {https://www.sciencedirect.com/science/article/pii/S0022202X15322983},
   year = {2005},
   type = {Journal Article}
}

@article{RN271,
   author = {Lønnberg, Ann and Skov, Liselotte and Skytthe, A. and Kyvik, K. O. and Pedersen, O. B. and Thomsen, S. F.},
   title = {Heritability of psoriasis in a large twin sample},
   journal = {British Journal of Dermatology},
   volume = {169},
   number = {2},
   pages = {412-416},
   DOI = {10.1111/bjd.12375},
   url = {http://dx.doi.org/10.1111/bjd.12375},
   year = {2013},
   type = {Journal Article}
}

@article{RN295,
   author = {Lowe, William L. and Reddy, Timothy E.},
   title = {Genomic approaches for understanding the genetics of complex disease},
   journal = {Genome research},
   volume = {25},
   number = {10},
   pages = {1432-1441},
   ISSN = {1088-9051},
   DOI = {10.1101/gr.190603.115},
   url = {http://dx.doi.org/10.1101/gr.190603.115},
   year = {2015},
   type = {Journal Article}
}

@article{RN37,
   author = {Lu, Yingchang and Kane, Sinae and Chen, Haoyan and Leon, Argentina and Levin, Ethan and Nguyen, Tien and Debbaneh, Maya and Millsop, Jillian W. and Gupta, Rishu and Huynh, Monica and Butler, Daniel and Cordoro, Kelly and Liao, Wilson},
   title = {The Role of 39 Psoriasis Risk Variants on Age of Psoriasis Onset},
   journal = {ISRN Dermatology},
   volume = {2013},
   pages = {4},
   DOI = {10.1155/2013/203941},
   url = {http://dx.doi.org/10.1155/2013/203941},
   year = {2013},
   type = {Journal Article}
}

@article{RN396,
   author = {Łuszczek, W. and Mańczak, M. and Cisło, M. and immunology, Nockowski - P.},
   title = {Gene for the activating natural killer cell receptor, KIR2DS1, is associated with susceptibility to psoriasis vulgaris},
   journal = {Human immunology},
   url = {http://www.sciencedirect.com/science/article/pii/S0198885904001247},
   year = {2004},
   type = {Journal Article}
}

@article{RN415,
   author = {Mahil, Satveer K. and Capon, Francesca and Barker, Jonathan N.},
   title = {Update on psoriasis immunopathogenesis and targeted immunotherapy},
   journal = {Seminars in Immunopathology},
   volume = {38},
   number = {1},
   pages = {11-27},
   ISSN = {1863-2297},
   DOI = {10.1007/s00281-015-0539-8},
   url = {http://dx.doi.org/10.1007/s00281-015-0539-8},
   year = {2016},
   type = {Journal Article}
}

@article{RN68,
   author = {Maller, J. B. and McVean, G. and Byrnes, J. and Vukcevic, D. and Palin, K. and Su, Z. and Howson, J. M. and Auton, A. and Myers, S. and Morris, A. and Pirinen, M. and Brown, M. A. and Burton, P. R. and Caulfield, M. J. and Compston, A. and Farrall, M. and Hall, A. S. and Hattersley, A. T. and Hill, A. V. and Mathew, C. G. and Pembrey, M. and Satsangi, J. and Stratton, M. R. and Worthington, J. and Craddock, N. and Hurles, M. and Ouwehand, W. and Parkes, M. and Rahman, N. and Duncanson, A. and Todd, J. A. and Kwiatkowski, D. P. and Samani, N. J. and Gough, S. C. and McCarthy, M. I. and Deloukas, P. and Donnelly, P.},
   title = {Bayesian refinement of association signals for 14 loci in 3 common diseases},
   journal = {Nat Genet},
   volume = {44},
   number = {12},
   pages = {1294-301},
   ISSN = {1061-4036},
   DOI = {10.1038/ng.2435},
   url = {http://www.nature.com/ng/journal/v44/n12/full/ng.2435.html},
   year = {2012},
   type = {Journal Article}
}

@article{RN253,
   author = {Maller, J. B. and McVean, G. and Byrnes, J. and Vukcevic, D. and Palin, K. and Su, Z. and Howson, J. M. and Auton, A. and Myers, S. and Morris, A. and Pirinen, M. and Brown, M. A. and Burton, P. R. and Caulfield, M. J. and Compston, A. and Farrall, M. and Hall, A. S. and Hattersley, A. T. and Hill, A. V. and Mathew, C. G. and Pembrey, M. and Satsangi, J. and Stratton, M. R. and Worthington, J. and Craddock, N. and Hurles, M. and Ouwehand, W. and Parkes, M. and Rahman, N. and Duncanson, A. and Todd, J. A. and Kwiatkowski, D. P. and Samani, N. J. and Gough, S. C. and McCarthy, M. I. and Deloukas, P. and Donnelly, P.},
   title = {Bayesian refinement of association signals for 14 loci in 3 common diseases},
   journal = {Nat Genet},
   volume = {44},
   number = {12},
   pages = {1294-301},
   ISSN = {1061-4036},
   DOI = {10.1038/ng.2435},
   year = {2012},
   type = {Journal Article}
}

@article{RN486,
   author = {Marouli, E. and Graff, M. and Medina-Gomez, C. and Lo, K. S. and Nature, Wood - A. R.},
   title = {Rare and low-frequency coding variants alter human adult height},
   journal = {Nature},
   DOI = {10.1038/nature21039},
   url = {http://dx.doi.org/10.1038/nature21039},
   year = {2017},
   type = {Journal Article}
}

@article{RN378,
   author = {Marrakchi, S. and Guigue, P. and of …, Renshaw - B. R.},
   title = {Interleukin-36–receptor antagonist deficiency and generalized pustular psoriasis},
   journal = {… England Journal of …},
   DOI = {10.1056/NEJMoa1013068},
   url = {http://dx.doi.org/10.1056/NEJMoa1013068},
   year = {2011},
   type = {Journal Article}
}

@article{RN369,
   author = {Marsal, S. and Armadans-Gil, L. and Martinez, M. and Gallardo, D. and Ribera, A. and Lience, E.},
   title = {Clinical, radiographic and HLA associations as markers for different patterns of psoriatic arthritis},
   journal = {Rheumatology (Oxford, England)},
   volume = {38},
   number = {4},
   pages = {332-337},
   DOI = {10.1093/rheumatology/38.4.332},
   url = {http://dx.doi.org/10.1093/rheumatology/38.4.332},
   year = {1999},
   type = {Journal Article}
}

@article{RN487,
   author = {Marshall, C. R. and Howrigan, D. P. and Nature …, Merico - D.},
   title = {Contribution of copy number variants to schizophrenia from a genome-wide study of 41,321 subjects},
   journal = {Nature …},
   url = {https://www.nature.com/ng/journal/v49/n1/abs/ng.3725.html},
   year = {2017},
   type = {Journal Article}
}

@article{RN325,
   author = {Martin, Marcel},
   title = {Cutadapt removes adapter sequences from high-throughput sequencing reads},
   journal = {EMBnet. journal},
   volume = {17},
   number = {1},
   pages = {10-12},
   url = {http://journal.embnet.org/index.php/embnetjournal/article/view/200},
   year = {2011},
   type = {Journal Article}
}

@article{RN503,
   author = {Matesanz, F. and Fedetz, M. and of …, Barrionuevo - C.},
   title = {A splice variant in the ACSL5 gene relates migraine with fatty acid activation in mitochondria},
   journal = {European Journal of …},
   DOI = {10.1038/ejhg.2016.54},
   url = {http://dx.doi.org/10.1038/ejhg.2016.54},
   year = {2016},
   type = {Journal Article}
}

@article{RN497,
   author = {Maurano, M. T. and Humbert, R. and Rynes, E. and …, Thurman - R. E.},
   title = {Systematic localization of common disease-associated variation in regulatory DNA},
   journal = {…},
   DOI = {10.1126/science.1222794},
   url = {http://dx.doi.org/10.1126/science.1222794},
   year = {2012},
   type = {Journal Article}
}

@article{RN381,
   author = {McGonagle, Dennis and Ash, Zoe and Dickie, Laura and McDermott, Michael and Aydin, Sibel},
   title = {The early phase of psoriatic arthritis},
   journal = {Annals of the Rheumatic Diseases},
   volume = {70},
   number = {Suppl 1},
   ISSN = {0003-4967},
   DOI = {10.1136/ard.2010.144097},
   url = {http://dx.doi.org/10.1136/ard.2010.144097},
   year = {2011},
   type = {Journal Article}
}

@article{RN65,
   author = {McKenzie, Jennifer A. Walker and Jillian, L. Barlow and Andrew, N. J.},
   title = {Innate lymphoid cells |[mdash]| how did we miss them?},
   journal = {Nature Reviews Immunology},
   volume = {13},
   pages = {75-87},
   ISSN = {1474-1733},
   DOI = {doi:10.1038/nri3349},
   url = {http://www.nature.com/nri/journal/v13/n2/full/nri3349.html},
   year = {2013},
   type = {Journal Article}
}

@article{RN358,
   author = {Mease, Philip J.},
   title = {Measures of psoriatic arthritis: Tender and Swollen Joint Assessment, Psoriasis Area and Severity Index (PASI), Nail Psoriasis Severity Index (NAPSI), Modified Nail Psoriasis Severity Index (mNAPSI), Mander/Newcastle Enthesitis Index (MEI), Leeds Enthesitis Index (LEI), Spondyloarthritis Research Consortium of Canada (SPARCC), Maastricht Ankylosing Spondylitis Enthesis Score (MASES), Leeds Dactylitis Index (LDI), Patient Global for Psoriatic Arthritis, Dermatology Life Quality Index (DLQI), Psoriatic Arthritis Quality of Life (PsAQOL), Functional Assessment of Chronic Illness Therapy–Fatigue (FACIT‐F), Psoriatic Arthritis Response Criteria (PsARC), Psoriatic Arthritis Joint Activity Index (PsAJAI), Disease Activity in Psoriatic Arthritis (DAPSA), and Composite Psoriatic Disease Activity Index (CPDAI)},
   journal = {Arthritis Care & Research},
   volume = {63},
   number = {S11},
   ISSN = {2151-4658},
   DOI = {10.1002/acr.20577},
   url = {http://dx.doi.org/10.1002/acr.20577},
   year = {2011},
   type = {Journal Article}
}

@article{RN447,
   author = {Mease, P. J. and Goffe, B. S. and Metz, J. and VanderStoep, A. and Lancet, Finck - B.},
   title = {Etanercept in the treatment of psoriatic arthritis and psoriasis: a randomised trial},
   journal = {The Lancet},
   url = {https://www.sciencedirect.com/science/article/pii/S0140673600025307},
   year = {2000},
   type = {Journal Article}
}

@article{RN491,
   author = {medicine, Feuk - L.},
   title = {Inversion variants in the human genome: role in disease and genome architecture},
   journal = {Genome medicine},
   url = {https://genomemedicine.biomedcentral.com/articles/10.1186/gm132},
   year = {2010},
   type = {Journal Article}
}

@article{RN506,
   author = {medicine, Knight - J. C.},
   title = {Approaches for establishing the function of regulatory genetic variants involved in disease},
   journal = {Genome medicine},
   url = {https://genomemedicine.biomedcentral.com/articles/10.1186/s13073-014-0092-4},
   year = {2014},
   type = {Journal Article}
}

@article{RN388,
   author = {Meglio, Paola and Villanova, Federica and Nestle, Frank O.},
   title = {Psoriasis},
   journal = {Cold Spring Harbor Perspectives in Medicine},
   volume = {4},
   number = {8},
   DOI = {10.1101/cshperspect.a015354},
   url = {http://dx.doi.org/10.1101/cshperspect.a015354},
   year = {2014},
   type = {Journal Article}
}

@article{RN434,
   author = {Menon, B. and Gullick, N. J. and  …, Walter - G. J.},
   title = {Interleukin‐17+ CD8+ T cells are enriched in the joints of patients with psoriatic arthritis and correlate with disease activity and joint damage progression},
   journal = {Arthritis & …},
   DOI = {10.1002/art.38376},
   url = {http://dx.doi.org/10.1002/art.38376},
   year = {2014},
   type = {Journal Article}
}

@article{RN413,
   author = {Mensah, K. A. and Schwarz, E. M. and rheumatology reports, Ritchlin - C. T.},
   title = {Altered bone remodeling in psoriatic arthritis},
   journal = {Current rheumatology reports},
   url = {http://link.springer.com/article/10.1007/s11926-008-0050-5},
   year = {2008},
   type = {Journal Article}
}

@article{RN436,
   author = {Menter, Alan and Korman, Neil J. and Elmets, Craig A. and Feldman, Steven R. and Gelfand, Joel M. and Gordon, Kenneth B. and Gottlieb, Alice and Koo, John and Lebwohl, Mark and Lim, Henry W. and Voorhees, Abby S. and Beutner, Karl R. and Bhushan, Reva},
   title = {Guidelines of care for the management of psoriasis and psoriatic arthritis Section 3. Guidelines of care for the management and treatment of psoriasis with topical therapies},
   journal = {Journal of the American Academy of Dermatology},
   volume = {60},
   number = {4},
   pages = {643-659},
   ISSN = {0190-9622},
   DOI = {10.1016/j.jaad.2008.12.032},
   url = {http://dx.doi.org/10.1016/j.jaad.2008.12.032},
   year = {2009},
   type = {Journal Article}
}

@article{RN195,
   author = {Miller, Ashley},
   title = {Role of IL-33 in inflammation and disease},
   journal = {Journal of Inflammation},
   volume = {8},
   number = {1},
   pages = {22},
   ISSN = {1476-9255},
   url = {http://www.journal-inflammation.com/content/8/1/22},
   year = {2011},
   type = {Journal Article}
}

@article{RN346,
   author = {Moll, J. M. H. and in, arthritis and rheumatism, Wright - V.},
   title = {Psoriatic arthritis},
   journal = {Seminars in arthritis and rheumatism},
   url = {http://www.sciencedirect.com/science/article/pii/0049017273900358},
   year = {1973},
   type = {Journal Article}
}

@article{RN379,
   author = {Moura, Carlos and Assis, Luiz and Góes, Paulo and Rosa, Fabiana and Nunes, Victor and Gusmão, Ítalo and Cruz, Constança},
   title = {A Case of Acute Generalized Pustular Psoriasis of von Zumbusch Triggered by Hypocalcemia},
   journal = {Case reports in dermatology},
   volume = {7},
   number = {3},
   pages = {345-351},
   DOI = {10.1159/000442380},
   url = {http://dx.doi.org/10.1159/000442380},
   year = {2015},
   type = {Journal Article}
}

@article{RN41,
   author = {Nair, R. P. and Duffin, K. C. and Helms, C. and Ding, J. and Stuart, P. E. and Goldgar, D. and Gudjonsson, J. E. and Li, Y. and Tejasvi, T. and Feng, B. J. and Ruether, A. and Schreiber, S. and Weichenthal, M. and Gladman, D. and Rahman, P. and Schrodi, S. J. and Prahalad, S. and Guthery, S. L. and Fischer, J. and Liao, W. and Kwok, P. Y. and Menter, A. and Lathrop, G. M. and Wise, C. A. and Begovich, A. B. and Voorhees, J. J. and Elder, J. T. and Krueger, G. G. and Bowcock, A. M. and Abecasis, G. R.},
   title = {Genome-wide scan reveals association of psoriasis with IL-23 and NF-kappaB pathways},
   journal = {Nat Genet},
   volume = {41},
   pages = {199-204},
   ISSN = {1061-4036},
   DOI = {10.1038/ng.311
10.1038/ng.311. Epub 2009 Jan 25.},
   url = {http://dx.doi.org/10.1038/ng.311},
   year = {2009},
   type = {Journal Article}
}

@article{RN38,
   author = {Nair, R. P. and Ruether, A. and Stuart, P. E. and Jenisch, S. and Tejasvi, T. and Hiremagalore, R. and Schreiber, S. and Kabelitz, D. and Lim, H. W. and Voorhees, J. J. and Christophers, E. and Elder, J. T. and Weichenthal, M.},
   title = {Polymorphisms of the IL12B and IL23R genes are associated with psoriasis},
   journal = {J Invest Dermatol},
   volume = {128},
   pages = {1653-61},
   ISSN = {0022-202x},
   DOI = {10.1038/sj.jid.5701255
10.1038/sj.jid.5701255. Epub 2008 Jan 24.},
   url = {http://dx.doi.org/10.1038/sj.jid.5701255},
   year = {2008},
   type = {Journal Article}
}

@inbook{RN39,
   author = {Nair, R. P. and Stuart, P. E. and Nistor, I. and Hiremagalore, R. and Chia, N. V. C. and Jenisch, S. and Weichenthal, M. and Abecasis, G. R. and Lim, H. W. and Christophers, E. and Voorhees, J. J. and Elder, J. T.},
   title = {Sequence and Haplotype Analysis Supports HLA-C as the Psoriasis Susceptibility 1 Gene},
   booktitle = {Am J Hum Genet},
   volume = {78},
   pages = {827-51},
   ISBN = {0002-9297 (Print)1537-6605 (Electronic)},
   url = {http://dx.doi.org/},
   year = {2006},
   type = {Book Section}
}

@article{RN349,
   author = {Najarian, D. J. and of the of, Gottlieb - A. B.},
   title = {Connections between psoriasis and Crohn's disease},
   journal = {Journal of the American Academy of …},
   url = {http://www.sciencedirect.com/science/article/pii/S0190962203011289},
   year = {2003},
   type = {Journal Article}
}

@article{RN416,
   author = {Nestle, Frank O. and Conrad, Curdin and Tun-Kyi, Adrian and Homey, Bernhard and Gombert, Michael and Boyman, Onur and Burg, Günter and Liu, Yong-Jun and Gilliet, Michel},
   title = {Plasmacytoid predendritic cells initiate psoriasis through interferon-α production},
   journal = {The Journal of Experimental Medicine},
   volume = {202},
   number = {1},
   pages = {135-143},
   ISSN = {0022-1007},
   DOI = {10.1084/jem.20050500},
   url = {http://dx.doi.org/10.1084/jem.20050500},
   year = {2005},
   type = {Journal Article}
}

@article{RN1,
   author = {Nestle, Frank O. and Kaplan, Daniel H. and Barker, Jonathan},
   title = {Psoriasis},
   journal = {New England Journal of Medicine},
   volume = {361},
   number = {5},
   pages = {496-509},
   DOI = {doi:10.1056/NEJMra0804595},
   url = {http://www.nejm.org/doi/full/10.1056/NEJMra0804595},
   year = {2009},
   type = {Journal Article}
}

@article{RN264,
   author = {Nica and Parts and Glass and Nisbet and Barrett and Sekowska and Travers and Potter and Grundberg and Small and Hedman and Bataille and Bell and Surdulescu and Dimas and Ingle and Nestle and Meglio and Min and Wilk and Hammond and Hassanali and Yang and Montgomery and O'Rahilly and Lindgren and Zondervan and Soranzo and Barroso and Durbin and Ahmadi and mail and mail and mail and mail and Consortium, The},
   title = {The Architecture of Gene Regulatory Variation across Multiple Human Tissues: The MuTHER Study},
   journal = {The Architecture of Gene Regulatory Variation across Multiple Human Tissues: The MuTHER Study},
   volume = {7},
   number = {6},
   pages = {1-9},
   DOI = {10.1371/journal.pgen.1002003},
   url = {http://dx.doi.org/10.1371/journal.pgen.1002003},
   year = {2014},
   type = {Journal Article}
}

@article{RN446,
   author = {Nickoloff, B. and Nestle, F.},
   title = {Recent insights into the immunopathogenesis of psoriasis provide new therapeutic opportunities},
   journal = {J Clin Invest},
   volume = {113},
   ISSN = {0021-9738 (Print)},
   DOI = {10.1172/jci200422147},
   url = {http://dx.doi.org/10.1172/jci200422147},
   year = {2004},
   type = {Journal Article}
}

@inbook{RN6,
   author = {Nickoloff, B. J. and Nestle, F. O.},
   title = {Recent insights into the immunopathogenesis of psoriasis provide new therapeutic opportunities},
   booktitle = {J Clin Invest},
   volume = {113},
   pages = {1664-75},
   ISBN = {0021-9738 (Print)},
   DOI = {10.1172/jci200422147},
   url = {http://dx.doi.org/10.1172/jci200422147},
   year = {2004},
   type = {Book Section}
}

@article{RN3,
   author = {Nickoloff, B. J. and Qin, J. Z. and Nestle, F. O.},
   title = {Immunopathogenesis of psoriasis},
   journal = {Clin Rev Allergy Immunol},
   volume = {33},
   number = {1-2},
   pages = {45-56},
   ISSN = {1080-0549 (Print)
1080-0549},
   DOI = {10.1007/s12016-007-0039-2},
   year = {2007},
   type = {Journal Article}
}

@article{RN14,
   author = {Nickoloff, B. J. and Wrone-Smith, T.},
   title = {Injection of pre-psoriatic skin with CD4+ T cells induces psoriasis},
   journal = {Am J Pathol},
   volume = {155},
   pages = {145-58},
   ISSN = {0002-9440 (Print)0002-9440},
   DOI = {10.1016/s0002-9440(10)65109-7},
   url = {http://dx.doi.org/10.1016/s0002-9440(10)65109-7},
   year = {1999},
   type = {Journal Article}
}

@article{RN330,
   author = {Nie, Yumin and Cheng, Xiangfei and Chen, Jiao and Sun, Xiao},
   title = {Nucleosome organization in the vicinity of transcription factor binding sites in the human genome},
   journal = {BMC genomics},
   volume = {15},
   pages = {493},
   ISSN = {1471-2164},
   DOI = {10.1186/1471-2164-15-493},
   url = {http://dx.doi.org/10.1186/1471-2164-15-493},
   year = {2014},
   type = {Journal Article}
}

@article{RN367,
   author = {Noordenbos, T. and Yeremenko, N. and  …, Gofita - I.},
   title = {Interleukin‐17–positive mast cells contribute to synovial inflammation in spondylarthritis},
   journal = {Arthritis & …},
   DOI = {10.1002/art.33396},
   url = {http://dx.doi.org/10.1002/art.33396},
   year = {2012},
   type = {Journal Article}
}

@article{RN335,
   author = {Oeth, P. and Parry, G. C. N. and Mackman, N.},
   title = {Regulation of the Tissue Factor Gene in Human Monocytic Cells: Role of AP-1, NF- B/Rel, and Sp1 Proteins in Uninduced and Lipopolysaccharide-Induced Expression},
   journal = {Arteriosclerosis, Thrombosis, and Vascular Biology},
   volume = {17},
   number = {2},
   pages = {365-374},
   ISSN = {1079-5642},
   DOI = {10.1161/01.ATV.17.2.365},
   url = {http://dx.doi.org/10.1161/01.ATV.17.2.365},
   year = {1997},
   type = {Journal Article}
}

@article{RN483,
   author = {Okada, Y. and Han, B. and Tsoi, L. C. and of …, Stuart - P. E.},
   title = {Fine mapping major histocompatibility complex associations in psoriasis and its clinical subtypes},
   journal = {The American Journal of …},
   url = {https://www.sciencedirect.com/science/article/pii/S0002929714003115},
   year = {2014},
   type = {Journal Article}
}

@article{RN385,
   author = {Oliveira, Mfsp and Rocha, B. O. and brasileiros de, Duarte - G. V.},
   title = {Psoriasis: classical and emerging comorbidities},
   journal = {Anais brasileiros de …},
   DOI = {10.1590/abd1806-4841.20153038},
   url = {http://dx.doi.org/10.1590/abd1806-4841.20153038},
   year = {2015},
   type = {Journal Article}
}

@article{RN284,
   author = {Onoufriadis, Alexandros and Simpson, Michael A. and Pink, Andrew E. and Meglio, Paola and Smith, Catherine H. and Pullabhatla, Venu and Knight, Jo and Spain, Sarah L. and Nestle, Frank O. and Burden, David A.},
   title = {Mutations in IL36RN/IL1F5 are associated with the severe episodic inflammatory skin disease known as generalized pustular psoriasis},
   journal = {The American Journal of Human Genetics},
   volume = {89},
   number = {3},
   pages = {432-437},
   url = {http://www.sciencedirect.com/science/article/pii/S0002929711003168},
   year = {2011},
   type = {Journal Article}
}

@techreport{RN340,
   author = {Organization, World Health},
   title = {Global report on psoriasis},
   year = {2016},
   type = {Report}
}

@article{RN4,
   author = {Parisi, R. and Symmons, D. P. and Griffiths, C. E. and Ashcroft, D. M.},
   title = {Global epidemiology of psoriasis: a systematic review of incidence and prevalence},
   journal = {J Invest Dermatol},
   volume = {133},
   number = {2},
   pages = {377-85},
   ISSN = {0022-202x},
   DOI = {10.1038/jid.2012.339},
   year = {2013},
   type = {Journal Article}
}

@article{RN313,
   author = {Paul, D. S. and Soranzo, N. and Beck, S.},
   title = {Functional interpretation of non‐coding sequence variation: Concepts and challenges},
   journal = {Bioessays},
   volume = {36},
   pages = {191-200},
   DOI = {10.1002/bies.201300126},
   url = {http://dx.doi.org/10.1002/bies.201300126},
   year = {2014},
   type = {Journal Article}
}

@article{RN2,
   author = {Perera, G. K. and Di Meglio, P. and Nestle, F. O.},
   title = {Psoriasis},
   journal = {Annu Rev Pathol},
   volume = {7},
   pages = {385-422},
   ISSN = {1553-4006},
   DOI = {10.1146/annurev-pathol-011811-132448},
   year = {2012},
   type = {Journal Article}
}

@article{RN60,
   author = {Phillips, J. E. and Corces, V. G.},
   title = {CTCF: master weaver of the genome},
   journal = {Cell},
   volume = {137},
   pages = {1194-211},
   ISSN = {0092-8674},
   DOI = {10.1016/j.cell.2009.06.001
10.1016/j.cell.2009.06.001.},
   url = {http://dx.doi.org/10.1016/j.cell.2009.06.001},
   year = {2009},
   type = {Journal Article}
}

@article{RN510,
   author = {Picard, C. and Dogniaux, S. and journal of …, Chemin - K.},
   title = {Hypomorphic mutation of ZAP70 in human results in a late onset immunodeficiency and no autoimmunity},
   journal = {European journal of …},
   DOI = {10.1002/eji.200939385},
   url = {http://dx.doi.org/10.1002/eji.200939385},
   year = {2009},
   type = {Journal Article}
}

@article{RN449,
   author = {Picelli, S. and Faridani, O. R. and Björklund, ÅK and protocols, Winberg - G.},
   title = {Full-length RNA-seq from single cells using Smart-seq2},
   journal = {Nature protocols},
   DOI = {10.1038/nprot.2014.006},
   url = {http://dx.doi.org/10.1038/nprot.2014.006},
   year = {2014},
   type = {Journal Article}
}

@article{RN500,
   author = {Pivarcsi, A. and Ståhle, M. and dermatology, Sonkoly - E.},
   title = {Genetic polymorphisms altering microRNA activity in psoriasis–a key to solve the puzzle of missing heritability?},
   journal = {Experimental dermatology},
   DOI = {10.1111/exd.12469},
   url = {http://dx.doi.org/10.1111/exd.12469},
   year = {2014},
   type = {Journal Article}
}

@article{RN382,
   author = {Polachek, A. and Li, S. and care and  …, Chandran - V.},
   title = {Clinical Enthesitis in a Prospective Longitudinal Psoriatic Arthritis Cohort: Incidence, Prevalence, Characteristics, and Outcome},
   journal = {Arthritis care & …},
   DOI = {10.1002/acr.23174},
   url = {http://dx.doi.org/10.1002/acr.23174},
   year = {2017},
   type = {Journal Article}
}

@article{RN356,
   author = {Poole, C. D. and Lebmeier, M. and Ara, R. and Rheumatology, Rafia - R.},
   title = {Estimation of health care costs as a function of disease severity in people with psoriatic arthritis in the UK},
   journal = {Rheumatology},
   DOI = {10.1093/rheumatology/keq182},
   url = {http://dx.doi.org/10.1093/rheumatology/keq182},
   year = {2010},
   type = {Journal Article}
}

@article{RN365,
   author = {Porcher, R. and Said‐Nahal, R. and  …, D'Agostino - M. A.},
   title = {Two major spondylarthropathy phenotypes are distinguished by pattern analysis in multiplex families},
   journal = {Arthritis Care & …},
   DOI = {10.1002/art.21070},
   url = {http://dx.doi.org/10.1002/art.21070},
   year = {2005},
   type = {Journal Article}
}

@article{RN370,
   author = {Porcher, R. and Said‐Nahal, R. and  …, D'Agostino - M. A.},
   title = {Two major spondylarthropathy phenotypes are distinguished by pattern analysis in multiplex families},
   journal = {Arthritis Care & …},
   DOI = {10.1002/art.21070},
   url = {http://dx.doi.org/10.1002/art.21070},
   year = {2005},
   type = {Journal Article}
}

@article{RN57,
   author = {Proell, M. and Gerlic, M. and Mace, P. D. and Reed, J. C. and Riedl, S. J.},
   title = {The CARD plays a critical role in ASC foci formation and inflammasome signalling},
   journal = {Biochem J},
   volume = {449},
   pages = {613-21},
   ISSN = {0264-6021},
   DOI = {10.1042/bj20121198},
   url = {http://dx.doi.org/10.1042/bj20121198},
   year = {2012},
   type = {Journal Article}
}

@article{RN7,
   author = {Proksch, E. and Brandner, J. M. and Jensen, J. M.},
   title = {The skin: an indispensable barrier},
   journal = {Exp Dermatol},
   volume = {17},
   number = {12},
   pages = {1063-72},
   ISSN = {0906-6705},
   year = {2008},
   type = {Journal Article}
}

@article{RN255,
   author = {Purcell, S. and Neale, B. and Todd-Brown, K. and Thomas, L. and Ferreira, M. A. and Bender, D. and Maller, J. and Sklar, P. and de Bakker, P. I. and Daly, M. J. and Sham, P. C.},
   title = {PLINK: a tool set for whole-genome association and population-based linkage analyses},
   journal = {Am J Hum Genet},
   volume = {81},
   number = {3},
   pages = {559-75},
   ISSN = {0002-9297 (Print)
0002-9297},
   DOI = {10.1086/519795},
   year = {2007},
   type = {Journal Article}
}

@article{RN328,
   author = {Quinlan, A. R. and Hall, I. M.},
   title = {BEDTools: a flexible suite of utilities for comparing genomic features},
   journal = {Bioinformatics},
   volume = {26},
   pages = {841-842},
   DOI = {10.1093/bioinformatics/btq033},
   url = {http://dx.doi.org/10.1093/bioinformatics/btq033},
   year = {2010},
   type = {Journal Article}
}

@article{RN454,