% Encoding: UTF-8
﻿

@Misc{,
  type = {Web Page},
  url  = {http://immunobase.org, accessed October 18, 2015},
}

@Misc{,
  type = {Web Page},
  url  = {http://bio-bwa.sourceforge.net/},
}

@Misc{,
  type = {Web Page},
  url  = {http://www.roadmapepigenomics.org/protocols/type/experimental/},
}

@Article{Abecasis2012,
  author  = {Abecasis GR, Auton A, Brooks LD, DePristo MA, Durbin RM, Handsaker RE, Kang HM, Marth GT, McVean GA.},
  title   = {An integrated encyclopedia of DNA elements in the human genome},
  journal = {Nature},
  year    = {2012},
  volume  = {489},
  number  = {7414},
  pages   = {57-74},
  issn    = {0028-0836},
  doi     = {10.1038/nature11247},
  type    = {Journal Article},
}

@Article{Adey2010,
  author  = {Adey, Andrew and Morrison, Hilary G. and Asan and Xun, Xu and Kitzman, Jacob O. and Turner, Emily H. and Stackhouse, Bethany and MacKenzie, Alexandra P. and Caruccio, Nicholas C. and Zhang, Xiuqing and Shendure, Jay},
  title   = {Rapid, low-input, low-bias construction of shotgun fragment libraries by high-density in vitro transposition},
  journal = {Genome Biology},
  year    = {2010},
  volume  = {11},
  issn    = {1465-6906},
  doi     = {info:pmid/21143862},
  type    = {Journal Article},
  url     = {http://genomebiology.com/2010/11/12/r119},
}

@Article{Alsaad2005,
  author  = {Alsaad, K. O. and of clinical pathology, Ghazarian - D.},
  title   = {My approach to superficial inflammatory dermatoses},
  journal = {Journal of clinical pathology},
  year    = {2005},
  type    = {Journal Article},
  url     = {http://jcp.bmj.com/content/58/12/1233.short},
}

@Article{Altshuler2008,
  author  = {Altshuler, D. and Daly, M. J. and Lander, E. S.},
  title   = {Genetic mapping in human disease},
  journal = {Science},
  year    = {2008},
  volume  = {322},
  number  = {5903},
  pages   = {881-8},
  issn    = {0036-8075},
  doi     = {10.1126/science.1156409},
  type    = {Journal Article},
}

@Article{Andersen2014,
  author = {Andersen, William M. Gordon and Michael, D. Zeller and Rachel, H. Klein and William, R. Swindell and Hsiang, Ho and Francisco, Espetia and Johann, E. Gudjonsson and Pierre, F. Baldi and Bogi},
  title  = {A GRHL3-regulated repair pathway suppresses immune-mediated epidermal hyperplasia},
  year   = {2014},
  doi    = {10.1172/JCI77138},
  type   = {Journal Article},
  url    = {http://www.jci.org/articles/view/77138},
}

@Article{Andiappan2015,
  author  = {Andiappan, A. K. and Melchiotti, R. and Poh, T. Y. and Nah, M.},
  title   = {Genome-wide analysis of the genetic regulation of gene expression in human neutrophils},
  journal = {Nature …},
  year    = {2015},
  doi     = {10.1038/ncomms8971},
  type    = {Journal Article},
  url     = {http://dx.doi.org/10.1038/ncomms8971},
}

@Article{Apel2013,
  author  = {Apel, M. and Uebe, S. and Bowes, J. and  …, Giardina - E.},
  title   = {Variants in RUNX3 contribute to susceptibility to psoriatic arthritis, exhibiting further common ground with ankylosing spondylitis},
  journal = {Arthritis \& …},
  year    = {2013},
  doi     = {10.1002/art.37885},
  type    = {Journal Article},
  url     = {http://dx.doi.org/10.1002/art.37885},
}

@Article{Ballana0100,
  author  = {Ballana and Gemma, Martín-Ezquerra and den, Heijer and Marijke, Kamsteeg and Irma, Joosten and Evan, E. and Conxi, Lázaro and Ramón, M. and Lluís, Armengol and Gonçalo, Abecasis and James, T. and Giuseppe, Novelli and John, A. and Pui-Yan, Kwok and Anne, Bowcock and Joost, Schalkwijk and Estivill, Rafael and Eva, Riveira-Munoz and Patrick, L. and Jason, Robarge and Wilson, Liao and Emma, N. and Emiliano, Giardina and Philip, E. and Rajan, Nair and Cynthia, Helms and Georgia, Escaramís and Ester},
  title   = {Deletion of the late cornified envelope LCE3B and LCE3C genes as a susceptibility factor for psoriasis},
  journal = {Nature Genetics},
  year    = {0100},
  volume  = {41},
  issn    = {1061-4036},
  doi     = {10.1038/ng.313},
  type    = {Journal Article},
  url     = {http://dx.doi.org/10.1038/ng.313},
}

@Article{Ballana2009,
  author  = {Ballana and Gemma, Martín-Ezquerra and Martin den, Heijer and Marijke, Kamsteeg and Irma, Joosten and Evan, E. Eichler and Conxi, Lázaro and Ramón, M. Pujol and Lluís, Armengol and Gonçalo, Abecasis and James, T. Elder and Giuseppe, Novelli and John, A. L. Armour and Pui-Yan, Kwok and Anne, Bowcock and Joost, Schalkwijk and Xavier Estivill, Rafael de Cid and Eva, Riveira-Munoz and Patrick, L. J. M. Zeeuwen and Jason, Robarge and Wilson, Liao and Emma, N. Dannhauser and Emiliano, Giardina and Philip, E. Stuart and Rajan, Nair and Cynthia, Helms and Georgia, Escaramís and Ester},
  title   = {Deletion of the late cornified envelope LCE3B and LCE3C genes as a susceptibility factor for psoriasis},
  journal = {Nature Genetics},
  year    = {2009},
  volume  = {41},
  pages   = {211-215},
  issn    = {1061-4036},
  doi     = {doi:10.1038/ng.313},
  type    = {Journal Article},
  url     = {http://www.nature.com/ng/journal/v41/n2/abs/ng.313.html},
}

@Article{Bernstein2010,
  author  = {Bernstein, B. E. and Stamatoyannopoulos, J. A. and Costello, J. F. and Ren, B. and Milosavljevic, A. and Meissner, A. and Kellis, M. and Marra, M. A. and Beaudet, A. L. and Ecker, J. R. and Farnham, P. J. and Hirst, M. and Lander, E. S. and Mikkelsen, T. S. and Thomson, J. A.},
  title   = {The NIH Roadmap Epigenomics Mapping Consortium},
  journal = {Nat Biotechnol},
  year    = {2010},
  volume  = {28},
  number  = {10},
  pages   = {1045-8},
  issn    = {1087-0156},
  doi     = {10.1038/nbt1010-1045},
  type    = {Journal Article},
}

@Article{Boehncke2015,
  author  = {Boehncke, Wolf-Henning H. and Schön, Michael P.},
  title   = {Psoriasis},
  journal = {Lancet (London, England)},
  year    = {2015},
  volume  = {386},
  number  = {9997},
  pages   = {983-994},
  issn    = {0140-6736},
  doi     = {10.1016/S0140-6736(14)61909-7},
  type    = {Journal Article},
  url     = {http://dx.doi.org/10.1016/S0140-6736(14)61909-7},
}

@Article{Bowes2010,
  author  = {Bowes, J. and Barton, A.},
  title   = {The genetics of psoriatic arthritis: lessons from genome-wide association studies},
  journal = {Discov Med},
  year    = {2010},
  volume  = {10},
  number  = {52},
  pages   = {177-83},
  issn    = {1539-6509},
  type    = {Journal Article},
}

@Article{Bowes2015,
  author  = {Bowes, John and Budu-Aggrey, Ashley and Huffmeier, Ulrike and Uebe, Steffen and Steel, Kathryn and Hebert, Harry L. and Wallace, Chris and Massey, Jonathan and Bruce, Ian N. and Bluett, James and Feletar, Marie and Morgan, Ann W. and Marzo-Ortega, Helena and Donohoe, Gary and Morris, Derek W. and Helliwell, Philip and Ryan, Anthony W. and Kane, David and Warren, Richard B. and Korendowych, Eleanor and Alenius, Gerd-Marie M. and Giardina, Emiliano and Packham, Jonathan and McManus, Ross and FitzGerald, Oliver and McHugh, Neil and Brown, Matthew A. and Ho, Pauline and Behrens, Frank and Burkhardt, Harald and Reis, Andre and Barton, Anne},
  title   = {Dense genotyping of immune-related susceptibility loci reveals new insights into the genetics of psoriatic arthritis},
  journal = {Nature communications},
  year    = {2015},
  volume  = {6},
  pages   = {6046},
  issn    = {2041-1723},
  doi     = {10.1038/ncomms7046},
  type    = {Journal Article},
  url     = {http://dx.doi.org/10.1038/ncomms7046},
}

@Article{Boyle2012,
  author  = {Boyle, A. P. and Hong, E. L. and Hariharan, M. and Cheng, Y. and Schaub, M. A. and Kasowski, M. and Karczewski, K. J. and Park, J. and Hitz, B. C. and Weng, S. and Cherry, J. M. and Snyder, M.},
  title   = {Annotation of functional variation in personal genomes using RegulomeDB},
  journal = {Genome Res},
  year    = {2012},
  volume  = {22},
  number  = {9},
  pages   = {1790-7},
  issn    = {1088-9051},
  doi     = {10.1101/gr.137323.112},
  type    = {Journal Article},
}

@Article{Boyman2004,
  author  = {Boyman, O. and Hefti, H. P. and Conrad, C. and Nickoloff, B. J. and Suter, M. and Nestle, F. O.},
  title   = {Spontaneous development of psoriasis in a new animal model shows an essential role for resident T cells and tumor necrosis factor-alpha},
  journal = {J Exp Med},
  year    = {2004},
  volume  = {199},
  pages   = {731-6},
  issn    = {0022-1007 (Print)0022-1007},
  doi     = {10.1084/jem.20031482},
  type    = {Journal Article},
  url     = {http://dx.doi.org/10.1084/jem.20031482},
}

@Article{Buenrostro2015,
  author  = {Buenrostro, Jason D. and Wu, Beijing and Chang, Howard Y. and Greenleaf, William J.},
  title   = {ATAC seq: A Method for Assaying Chromatin Accessibility Genome Wide},
  journal = {Current Protocols in Molecular Biology},
  year    = {2015},
  volume  = {109},
  pages   = {1-9},
  doi     = {10.1002/0471142727.mb2129s109},
  type    = {Journal Article},
  url     = {http://dx.doi.org/10.1002/0471142727.mb2129s109},
}

@Article{Buenrostro2015a,
  author  = {Buenrostro, Jason D. and Wu, Beijing and Litzenburger, Ulrike M. and Ruff, Dave and Gonzales, Michael L. and Snyder, Michael P. and Chang, Howard Y. and Greenleaf, William J.},
  title   = {Single-cell chromatin accessibility reveals principles of regulatory variation},
  journal = {Nature},
  year    = {2015},
  volume  = {523},
  pages   = {486-490},
  issn    = {0028-0836},
  doi     = {10.1038/nature14590},
  type    = {Journal Article},
  url     = {http://dx.doi.org/10.1038/nature14590},
}

@Article{Bulger2011,
  author  = {Bulger, Michael and Groudine, Mark},
  title   = {Functional and mechanistic diversity of distal transcription enhancers},
  journal = {Cell},
  year    = {2011},
  volume  = {144},
  number  = {3},
  pages   = {327-339},
  type    = {Journal Article},
  url     = {http://www.sciencedirect.com/science/article/pii/S0092867411000638},
}

@Article{Burgos-Pol2016,
  author  = {Burgos-Pol, R. and Dermo …, Martínez-Sesmero - J. M.},
  title   = {The cost of psoriasis and psoriatic arthritis in 5 European countries: a systematic review},
  journal = {Actas Dermo …},
  year    = {2016},
  type    = {Journal Article},
  url     = {http://www.sciencedirect.com/science/article/pii/S1578219016301524},
}

@Article{Cai2014,
  author  = {Cai and Xianyong, Yin and Cheng, Quan and Haojing, Shao and Yong, Cui and Fangzhen, Tian and Xia, Zhao and Hong, Liu and Fengli, Xiao and Fengping, Xu and Jianwen, Han and Dongmei, Shi and Anping, Zhang and Cheng, Zhou and Qibin, Li and Xing, Fan and Liya, Lin and Hongqing, Tian and Zaixing, Wang and Huiling, Fu and Fang, Wang and Baoqi, Yang and Shaowei, Huang and Bo, Liang and Xuefeng, Xie and Yunqing, Ren and Qingquan, Gu and Guangdong, Wen and Yulin, Sun and Xueli, Wu and Lin, Dang and Min, Xia and Junjun, Shan and Tianhang, Li and Lin, Yang and Xiuyun, Zhang and Yuzhen, Li and Chundi, He and Aie, Xu and Liping, Wei and Xiaohang, Zhao and Xinghua, Gao and Jinhua, Xu and Furen, Zhang and Jianzhong, Zhang and Yingrui, Li and Liangdan, Sun and Jianjun, Liu and Runsheng, Chen and Sen, Yang and Jun, Wang and Xuejun Zhang, Huayang Tang and Xin, Jin and Yang, Li and Hui, Jiang and Xianfa, Tang and Xu, Yang and Hui, Cheng and Ying, Qiu and Gang, Chen and Junpu, Mei and Fusheng, Zhou and Renhua, Wu and Xianbo, Zuo and Yong, Zhang and Xiaodong, Zheng and Qi},
  title   = {A large-scale screen for coding variants predisposing to psoriasis},
  journal = {Nature Genetics},
  year    = {2014},
  volume  = {46},
  pages   = {45-50},
  issn    = {1061-4036},
  doi     = {doi:10.1038/ng.2827},
  type    = {Journal Article},
  url     = {http://www.nature.com/ng/journal/v46/n1/full/ng.2827.html},
}

@Article{Capon2008,
  author  = {Capon, Francesca and Bijlmakers, Marie-José J. and Wolf, Natalie and Quaranta, Maria and Huffmeier, Ulrike and Allen, Michael and Timms, Kirsten and Abkevich, Victor and Gutin, Alexander and Smith, Rhodri and Warren, Richard B. and Young, Helen S. and Worthington, Jane and Burden, A. D. and Griffiths, Christopher E. and Hayday, Adrian and Nestle, Frank O. and Reis, Andre and Lanchbury, Jerry and Barker, Jonathan N. and Trembath, Richard C.},
  title   = {Identification of ZNF313/RNF114 as a novel psoriasis susceptibility gene},
  journal = {Human molecular genetics},
  year    = {2008},
  volume  = {17},
  number  = {13},
  pages   = {1938-1945},
  issn    = {0964-6906},
  doi     = {10.1093/hmg/ddn091},
  type    = {Journal Article},
  url     = {http://dx.doi.org/10.1093/hmg/ddn091},
}

@Article{Capon2012,
  author  = {Capon, F. and Burden, A. D. and Trembath, R. C.},
  title   = {Psoriasis and other complex trait dermatoses: from Loci to functional pathways},
  journal = {The Journal of investigative dermatology},
  year    = {2012},
  volume  = {132},
  pages   = {915-922},
  doi     = {10.1038/jid.2011.395},
  type    = {Journal Article},
  url     = {http://dx.doi.org/10.1038/jid.2011.395},
}

@Article{Cargill2007,
  author  = {Cargill, Michele and Schrodi, Steven J. and Chang, Monica and Garcia, Veronica E. and Brandon, Rhonda and Callis, Kristina P. and Matsunami, Nori and Ardlie, Kristin G. and Civello, Daniel and Catanese, Joseph J.},
  title   = {A large-scale genetic association study confirms IL12B and leads to the identification of IL23R as psoriasis-risk genes},
  journal = {The American Journal of Human Genetics},
  year    = {2007},
  volume  = {80},
  number  = {2},
  pages   = {273-290},
  type    = {Journal Article},
  url     = {http://www.sciencedirect.com/science/article/pii/S0002929707626858},
}

@Article{Cargill2007a,
  author  = {Cargill, Michele and Schrodi, Steven J. and Chang, Monica and Garcia, Veronica E. and Brandon, Rhonda and Callis, Kristina P. and Matsunami, Nori and Ardlie, Kristin G. and Civello, Daniel and Catanese, Joseph J.},
  title   = {A large-scale genetic association study confirms IL12B and leads to the identification of IL23R as psoriasis-risk genes},
  journal = {The American Journal of Human Genetics},
  year    = {2007},
  volume  = {80},
  number  = {2},
  pages   = {273-290},
  type    = {Journal Article},
  url     = {http://www.sciencedirect.com/science/article/pii/S0002929707626858},
}

@Article{Chepelev2012,
  author  = {Chepelev, Iouri and Wei, Gang and Wangsa, Dara and Tang, Qingsong and Zhao, Keji},
  title   = {Characterization of genome-wide enhancer-promoter interactions reveals co-expression of interacting genes and modes of higher order chromatin organization},
  journal = {Cell research},
  year    = {2012},
  volume  = {22},
  number  = {3},
  pages   = {490-503},
  issn    = {1001-0602},
  doi     = {10.1038/cr.2012.15},
  type    = {Journal Article},
  url     = {http://dx.doi.org/10.1038/cr.2012.15},
}

@Article{Clark2006,
  author  = {Clark, R. A. and Chong, B. and Mirchandani, N. and Brinster, N. K. and Yamanaka, K. and Dowgiert, R. K. and Kupper, T. S.},
  title   = {The vast majority of CLA+ T cells are resident in normal skin},
  journal = {J Immunol},
  year    = {2006},
  volume  = {176},
  pages   = {4431-9},
  issn    = {0022-1767 (Print)0022-1767},
  type    = {Journal Article},
  url     = {http://dx.doi.org/},
}

@Article{Coates2016,
  author  = {Coates, L. C. and FitzGerald, O. and Helliwell, P. S. and in arthritis and, Paul - C.},
  title   = {Psoriasis, psoriatic arthritis, and rheumatoid arthritis: Is all inflammation the same?},
  journal = {Seminars in arthritis and …},
  year    = {2016},
  type    = {Journal Article},
  url     = {http://www.sciencedirect.com/science/article/pii/S0049017216300646},
}

@Article{Cockerill2011,
  author  = {Cockerill, P. N.},
  title   = {Structure and function of active chromatin and DNase I hypersensitive sites},
  journal = {FEBS journal},
  year    = {2011},
  volume  = {278},
  pages   = {2182-210},
  issn    = {1742-464x},
  doi     = {10.1111/j.1742-4658.2011.08128.x
10.1111/j.1742-4658.2011.08128.x. Epub 2011 May 26.},
  type    = {Journal Article},
  url     = {http://onlinelibrary.wiley.com/doi/10.1111/j.1742-4658.2011.08128.x/abstract},
}

@Article{Cohen2008,
  author  = {Cohen, A. D. and Sherf, M. and Vidavsky, L. and Vardy, D. A. and Dermatology, Shapiro - J.},
  title   = {Association between psoriasis and the metabolic syndrome},
  journal = {Dermatology},
  year    = {2008},
  doi     = {10.1159/000111512},
  type    = {Journal Article},
  url     = {http://dx.doi.org/10.1159/000111512},
}

@Article{Das2014,
  author  = {Das, Sayantan and Stuart, Philip E. and Ding, Jun and Tejasvi, Trilokraj and Li, Yanming and Tsoi, Lam C. and Chandran, Vinod and Fischer, Judith and Helms, Cynthia and Duffin, Kristina},
  title   = {Fine mapping of eight psoriasis susceptibility loci},
  journal = {European Journal of Human Genetics},
  year    = {2014},
  doi     = {10.1038/ejhg.2014.172},
  type    = {Journal Article},
  url     = {http://dx.doi.org/10.1038/ejhg.2014.172},
}

@Article{Cid2009,
  author  = {de Cid, R. and Riveira-Munoz, E. and Zeeuwen, P. L. and Robarge, J. and Liao, W. and Dannhauser, E. N. and Giardina, E. and Stuart, P. E. and Nair, R. and Helms, C. and Escaramis, G. and Ballana, E. and Martin-Ezquerra, G. and den Heijer, M. and Kamsteeg, M. and Joosten, I. and Eichler, E. E. and Lazaro, C. and Pujol, R. M. and Armengol, L. and Abecasis, G. and Elder, J. T. and Novelli, G. and Armour, J. A. and Kwok, P. Y. and Bowcock, A. and Schalkwijk, J. and Estivill, X.},
  title   = {Deletion of the late cornified envelope LCE3B and LCE3C genes as a susceptibility factor for psoriasis},
  journal = {Nat Genet},
  year    = {2009},
  volume  = {41},
  number  = {2},
  pages   = {211-5},
  issn    = {1061-4036},
  doi     = {10.1038/ng.313},
  type    = {Journal Article},
}

@Article{Dimas2009,
  author  = {Dimas, Antigone S. and Deutsch, Samuel and Stranger, Barbara E. and Montgomery, Stephen B. and Borel, Christelle and Attar-Cohen, Homa and Ingle, Catherine and Beazley, Claude and Arcelus, Maria and Sekowska, Magdalena},
  title   = {Common regulatory variation impacts gene expression in a cell typedependent manner},
  journal = {Science},
  year    = {2009},
  volume  = {325},
  number  = {5945},
  pages   = {1246-1250},
  type    = {Journal Article},
  url     = {http://www.sciencemag.org/content/325/5945/1246.short},
}

@Article{Ding2010,
  author  = {Ding, J. and Gudjonsson, J. and Liang, L. and Stuart, P. and Li, Y. and Chen, W. and Weichenthal, M. and Ellinghaus, E. and Franke, A. and Cookson, W. and Nair, R. and Elder, J. and Abecasis, G.},
  title   = {Gene Expression in Skin and Lymphoblastoid Cells: Refined Statistical Method Reveals Extensive Overlap in cis-eQTL Signals},
  journal = {Am J Hum Genet},
  year    = {2010},
  volume  = {87},
  pages   = {779-789},
  issn    = {0002-9297 (Print)1537-6605 (Electronic)},
  doi     = {10.1016/j.ajhg.2010.10.024},
  type    = {Journal Article},
  url     = {http://dx.doi.org/10.1016/j.ajhg.2010.10.024},
}

@Article{Disis2006,
  author  = {Disis, Mary L. and Rosa, Corazon and Goodell, Vivian and Kuan, Ling-Yu and Chang, Jennie C. C. and Kuus-Reichel, Kristina and Clay, Timothy M. and Lyerly, Kim H. and Bhatia, Sonny and Ghanekar, Smita A.},
  title   = {Maximizing the retention of antigen specific lymphocyte function after cryopreservation},
  journal = {Journal of immunological methods},
  year    = {2006},
  volume  = {308},
  number  = {1},
  pages   = {13-18},
  type    = {Journal Article},
  url     = {http://www.sciencedirect.com/science/article/pii/S0022175905003303},
}

@Article{Dong2014,
  author  = {Dong, S. and Zhao, J. and Wei, J. and Bowser, R. K. and Khoo, A. and Liu, Z. and Luketich, J. D. and Pennathur, A. and Ma, H. and Zhao, Y.},
  title   = {F-box protein complex FBXL19 regulates TGFbeta1-induced E-cadherin down-regulation by mediating Rac3 ubiquitination and degradation},
  journal = {Mol Cancer},
  year    = {2014},
  volume  = {13},
  pages   = {76},
  issn    = {1476-4598},
  doi     = {10.1186/1476-4598-13-76
10.1186/1476-4598-13-76.},
  type    = {Journal Article},
  url     = {http://dx.doi.org/10.1186/1476-4598-13-76},
}

@Article{Edwards2013,
  author  = {Edwards, S. L. and Beesley, J. and French, J. D. and Dunning, A. M.},
  title   = {Beyond GWASs: illuminating the dark road from association to function},
  journal = {Am J Hum Genet},
  year    = {2013},
  volume  = {93},
  number  = {5},
  pages   = {779-97},
  issn    = {0002-9297},
  doi     = {10.1016/j.ajhg.2013.10.012},
  type    = {Journal Article},
}

@Article{Eedy1990,
  author  = {Eedy, D. J. and Burrows, D. and Bridges, J. M. and Jones, F. G.},
  title   = {Clearance of severe psoriasis after allogenic bone marrow transplantation},
  journal = {BMJ},
  year    = {1990},
  volume  = {300},
  pages   = {908},
  issn    = {0959-8138 (Print)1468-5833 (Electronic)},
  type    = {Journal Article},
  url     = {http://dx.doi.org/},
}

@InBook{Ellinghaus2012,
  pages     = {636-47},
  title     = {Combined Analysis of Genome-wide Association Studies for Crohn Disease and Psoriasis Identifies Seven Shared Susceptibility Loci},
  year      = {2012},
  author    = {Ellinghaus, D. and Ellinghaus, E. and Nair, R. P. and Stuart, P. E. and Esko, T. and Metspalu, A. and Debrus, S. and Raelson, J. V. and Tejasvi, T. and Belouchi, M. and West, S. L. and Barker, J. N. and Koks, S. and Kingo, K. and Balschun, T. and Palmieri, O. and Annese, V. and Gieger, C. and Wichmann, H. E. and Kabesch, M. and Trembath, R. C. and Mathew, C. G. and Abecasis, G. R. and Weidinger, S. and Nikolaus, S. and Schreiber, S. and Elder, J. T. and Weichenthal, M. and Nothnagel, M. and Franke, A.},
  volume    = {90},
  type      = {Book Section},
  isbn      = {0002-9297 (Print)1537-6605 (Electronic)},
  booktitle = {Am J Hum Genet},
  doi       = {10.1016/j.ajhg.2012.02.020},
  url       = {http://dx.doi.org/10.1016/j.ajhg.2012.02.020},
}

@Article{Ellinghaus2010,
  author  = {Ellinghaus, E. and Ellinghaus, D. and Stuart, P. E. and Nair, R. P.},
  title   = {Genome-wide association study identifies a psoriasis susceptibility locus at TRAF3IP2},
  journal = {Nature genetics},
  year    = {2010},
  volume  = {42},
  pages   = {991-996},
  doi     = {10.1038/ng.689},
  type    = {Journal Article},
  url     = {http://dx.doi.org/10.1038/ng.689},
}

@Article{Ernst2011,
  author  = {Ernst, J. and Kheradpour, P. and Mikkelsen, T. S. and Shoresh, N.},
  title   = {Mapping and analysis of chromatin state dynamics in nine human cell types},
  journal = {Nature},
  year    = {2011},
  volume  = {473},
  pages   = {43-49},
  type    = {Journal Article},
  url     = {http://www.nature.com/nature/journal/v473/n7345/abs/nature09906.html},
}

@Article{Fairfax2014,
  author  = {Fairfax, Benjamin P. and Humburg, Peter and Makino, Seiko and Naranbhai, Vivek and Wong, Daniel and Lau, Evelyn and Jostins, Luke and Plant, Katharine and Andrews, Robert and McGee, Chris and Knight, Julian C.},
  title   = {Innate immune activity conditions the effect of regulatory variants upon monocyte gene expression},
  journal = {Science (New York, N.Y.)},
  year    = {2014},
  volume  = {343},
  number  = {6175},
  pages   = {1118-1132},
  issn    = {0036-8075},
  doi     = {10.1126/science.1246949},
  type    = {Journal Article},
  url     = {http://dx.doi.org/10.1126/science.1246949},
}

@Article{Fairfax2012,
  author  = {Fairfax, Benjamin P. and Makino, Seiko and Radhakrishnan, Jayachandran and Plant, Katharine and Leslie, Stephen and Dilthey, Alexander and Ellis, Peter and Langford, Cordelia and Vannberg, Fredrik O. and Knight, Julian C.},
  title   = {Genetics of gene expression in primary immune cells identifies cell type-specific master regulators and roles of HLA alleles},
  journal = {Nature genetics},
  year    = {2012},
  volume  = {44},
  number  = {5},
  pages   = {502-510},
  issn    = {1061-4036},
  doi     = {10.1038/ng.2205},
  type    = {Journal Article},
  url     = {http://dx.doi.org/10.1038/ng.2205},
}

@Article{Farh2014,
  author  = {Farh, Kyle and Carrasco-Alfonso, J. and Dita, Mayer and Luckey, C. and Nikolaos, A. and Philip, L. and Vijay, K. and Charles, B. and Mark, J. and David, A. and Bernstein and Alexander, Marson and Jiang, Zhu and Markus, Kleinewietfeld and William, J. and Samantha, Beik and Noam, Shoresh and Holly, Whitton and Russell, J. and Alexander, A. and Meital, Hatan and Marlene},
  title   = {Genetic and epigenetic fine mapping of causal autoimmune disease variants},
  journal = {Nature},
  year    = {2014},
  volume  = {518},
  pages   = {337–343},
  doi     = {10.1038/nature13835},
  type    = {Journal Article},
  url     = {http://dx.doi.org/10.1038/nature13835},
}

@Article{Foster2007,
  author  = {Foster, S. L. and Hargreaves, D. C. and Medzhitov, R.},
  title   = {Gene-specific control of inflammation by TLR-induced chromatin modifications},
  journal = {Nature},
  year    = {2007},
  volume  = {447},
  number  = {7147},
  pages   = {972-8},
  issn    = {0028-0836},
  doi     = {10.1038/nature05836},
  type    = {Journal Article},
}

@Article{Freedman2011,
  author  = {Freedman, Matthew L. and Monteiro, Alvaro N. A. and Gayther, Simon A. and Coetzee, Gerhard A. and Risch, Angela and Plass, Christoph and Casey, Graham and Biasi, Mariella and Carlson, Chris and Duggan, David},
  title   = {Principles for the post-GWAS functional characterization of cancer risk loci},
  journal = {Nature genetics},
  year    = {2011},
  volume  = {43},
  number  = {6},
  pages   = {513-518},
  type    = {Journal Article},
  url     = {http://www.nature.com/ng/journal/v43/n6/full/ng.840.html},
}

@Article{Fuchs2002,
  author = {Fuchs, Charles K. Kaufman and Satrajit, Sinha and Diana, Bolotin and Jie, Fan and Elaine},
  title  = {Dissection of a Complex Enhancer Element: Maintenance of Keratinocyte Specificity but Loss of Differentiation Specificity},
  year   = {2002},
  doi    = {10.1128/MCB.22.12.4293-4308.2002},
  type   = {Journal Article},
  url    = {http://mcb.asm.org/content/22/12/4293.full},
}

@Article{Gazel2003,
  author  = {Gazel, Alix and Ramphal, Patricia and Rosdy, Martin and Tornier, Carine and Hosein, Nadia and Lee, Brian and Tomic-Canic, Marjana and Blumenberg, Miroslav},
  title   = {Transcriptional profiling of epidermal keratinocytes: comparison of genes expressed in skin, cultured keratinocytes, and reconstituted epidermis, using large DNA microarrays},
  journal = {Journal of investigative dermatology},
  year    = {2003},
  volume  = {121},
  number  = {6},
  pages   = {1459-1468},
  doi     = {10.1111/j.1523-1747.2003.12611.x},
  type    = {Journal Article},
  url     = {http://dx.doi.org/10.1111/j.1523-1747.2003.12611.x},
}

@Article{Gelfand2005,
  author  = {Gelfand, J. M. and Gladman, D. D. and Mease, P. J. and Academy …, Smith - N.},
  title   = {Epidemiology of psoriatic arthritis in the population of the United States},
  journal = {… the American Academy …},
  year    = {2005},
  type    = {Journal Article},
  url     = {http://www.sciencedirect.com/science/article/pii/S0190962205010108},
}

@Article{Gelfand2006,
  author  = {Gelfand, J. M. and Neimann, A. L. and Shin, D. B. and Jama, Wang - X.},
  title   = {Risk of myocardial infarction in patients with psoriasis},
  journal = {Jama},
  year    = {2006},
  type    = {Journal Article},
  url     = {http://jamanetwork.com/journals/jama/fullarticle/203598},
}

@Article{Gelfand2006a,
  author  = {Gelfand, J. M. and Shin, D. B. and Neimann, A. L. and of Investigative …, Wang - X.},
  title   = {The risk of lymphoma in patients with psoriasis},
  journal = {Journal of Investigative …},
  year    = {2006},
  type    = {Journal Article},
  url     = {http://www.sciencedirect.com/science/article/pii/S0022202X15326348},
}

@Article{Gilad2008,
  author  = {Gilad, Y. and Rifkin, S. A. and Pritchard, J. K.},
  title   = {Revealing the architecture of gene regulation: the promise of eQTL studies},
  journal = {Trends Genet},
  year    = {2008},
  volume  = {24},
  pages   = {408-15},
  issn    = {0168-9525 (Print)},
  doi     = {10.1016/j.tig.2008.06.001
10.1016/j.tig.2008.06.001.},
  type    = {Journal Article},
  url     = {http://dx.doi.org/10.1016/j.tig.2008.06.001},
}

@Article{Gladman2009,
  author  = {Gladman, D. D. and Ang, M. and Su, L. and of the …, B. D. M.},
  title   = {Cardiovascular morbidity in psoriatic arthritis},
  journal = {Annals of the …},
  year    = {2009},
  doi     = {10.1136/ard.2008.094839},
  type    = {Journal Article},
  url     = {http://dx.doi.org/10.1136/ard.2008.094839},
}

@Article{Gradman2008,
  author  = {Gradman, R. J. and Reznikoff, W. S.},
  title   = {Tn5 synaptic complex formation: role of transposase residue W450},
  journal = {J Bacteriol},
  year    = {2008},
  volume  = {190},
  number  = {4},
  pages   = {1484-7},
  issn    = {0021-9193},
  doi     = {10.1128/jb.01488-07},
  type    = {Journal Article},
}

@Article{Greenleaf2013,
  author  = {Greenleaf, Jason D. Buenrostro and Paul, G. Giresi and Lisa, C. Zaba and Howard, Y. Chang and William, J.},
  title   = {Transposition of native chromatin for fast and sensitive epigenomic profiling of open chromatin, DNA-binding proteins and nucleosome position},
  journal = {Nature Methods},
  year    = {2013},
  volume  = {10},
  pages   = {1213-1218},
  issn    = {1548-7091},
  doi     = {doi:10.1038/nmeth.2688},
  type    = {Journal Article},
  url     = {http://www.nature.com/nmeth/journal/v10/n12/full/nmeth.2688.html},
}

@Article{Griffiths2007,
  author  = {Griffiths, C. E. M. and Lancet, Jnwn},
  title   = {Pathogenesis and clinical features of psoriasis},
  journal = {The Lancet},
  year    = {2007},
  type    = {Journal Article},
  url     = {http://www.sciencedirect.com/science/article/pii/S0140673607611283},
}

@Article{Gudjonsson2010,
  author  = {Gudjonsson, J. E. and Ding, J. and Johnston, A. and Tejasvi, T. and Guzman, A. M. and Nair, R. P. and Voorhees, J. J. and Abecasis, G. R. and Elder, J. T.},
  title   = {Assessment of the psoriatic transcriptome in a large sample: additional regulated genes and comparisons with in vitro models},
  journal = {J Invest Dermatol},
  year    = {2010},
  volume  = {130},
  number  = {7},
  pages   = {1829-40},
  issn    = {0022-202x},
  doi     = {10.1038/jid.2010.36},
  type    = {Journal Article},
}

@Article{Gudjonsson2012,
  author = {Gudjonsson, Johann E. and Johnston, Andrew and Ellis, Charles N.},
  title  = {Novel systemic drugs under investigation for the treatment of psoriasis},
  year   = {2012},
  volume = {67},
  pages  = {139–147},
  type   = {Journal Article},
  url    = {http://www.sciencedirect.com/science/article/pii/S0190962211008462#},
}

@Article{Gupta1993,
  author  = {Gupta, M. A. and Schork, N. J. and journal …, Gupta - A. K.},
  title   = {Suicidal ideation in psoriasis},
  journal = {International journal …},
  year    = {1993},
  doi     = {10.1111/j.1365-4362.1993.tb02790.x},
  type    = {Journal Article},
  url     = {http://dx.doi.org/10.1111/j.1365-4362.1993.tb02790.x},
}

@Article{Gutowska‐Owsiak2012,
  author  = {Gutowska‐Owsiak, D. and Schaupp, A. L.},
  title   = {IL‐17 downregulates filaggrin and affects keratinocyte expression of genes associated with cellular adhesion},
  journal = {Experimental dermatology},
  year    = {2012},
  volume  = {21},
  pages   = {104-110},
  doi     = {10.1111/j.1600-0625.2011.01412.x},
  type    = {Journal Article},
  url     = {http://dx.doi.org/10.1111/j.1600-0625.2011.01412.x},
}

@Article{Harmston2013,
  author  = {Harmston, Nathan and Lenhard, Boris},
  title   = {Chromatin and epigenetic features of long-range gene regulation},
  journal = {Nucleic Acids Research},
  year    = {2013},
  doi     = {10.1093/nar/gkt499},
  type    = {Journal Article},
  url     = {http://nar.oxfordjournals.org/content/early/2013/06/13/nar.gkt499.abstract},
}

@Article{Heger2013,
  author  = {Heger, A. and Webber, C. and Goodson, M. and Ponting, C. P.},
  title   = {GAT: a simulation framework for testing the association of genomic intervals},
  journal = {Bioinformatics},
  year    = {2013},
  volume  = {29},
  pages   = {2046-2048},
  doi     = {10.1093/bioinformatics/btt343},
  type    = {Journal Article},
  url     = {http://dx.doi.org/10.1093/bioinformatics/btt343},
}

@Article{Henseler1985,
  author  = {Henseler, T. and Christophers, E.},
  title   = {Psoriasis of early and late onset: characterization of two types of psoriasis vulgaris},
  journal = {J Am Acad Dermatol},
  year    = {1985},
  volume  = {13},
  number  = {3},
  pages   = {450-6},
  issn    = {0190-9622 (Print)
0190-9622},
  type    = {Journal Article},
}

@Article{Higgs2014,
  author  = {Higgs, Jim R. Hughes and Nigel, Roberts and Simon, McGowan and Deborah, Hay and Eleni, Giannoulatou and Magnus, Lynch and Marco De, Gobbi and Stephen, Taylor and Richard, Gibbons and Douglas, R.},
  title   = {Analysis of hundreds of cis-regulatory landscapes at high resolution in a single, high-throughput experiment},
  journal = {Nature Genetics},
  year    = {2014},
  volume  = {46},
  pages   = {205-212},
  issn    = {1061-4036},
  doi     = {doi:10.1038/ng.2871},
  type    = {Journal Article},
  url     = {http://www.nature.com/ng/journal/v46/n2/full/ng.2871.html},
}

@Article{Hindorff2009,
  author  = {Hindorff, L. A. and Sethupathy, P. and Junkins, H. A. and Ramos, E. M. and Mehta, J. P. and Collins, F. S. and Manolio, T. A.},
  title   = {Potential etiologic and functional implications of genome-wide association loci for human diseases and traits},
  journal = {Proc Natl Acad Sci U S A},
  year    = {2009},
  volume  = {106},
  number  = {23},
  pages   = {9362-7},
  issn    = {0027-8424},
  doi     = {10.1073/pnas.0903103106},
  type    = {Journal Article},
}

@Article{Hirschhorn2005,
  author  = {Hirschhorn, Joel N.},
  title   = {Genetic Approaches to Studying Common Diseases and Complex Traits},
  journal = {Pediatr Res},
  year    = {2005},
  volume  = {57},
  number  = {5 Part 2},
  pages   = {74-77},
  issn    = {0031-3998},
  type    = {Journal Article},
  url     = {http://dx.doi.org/10.1203/01.PDR.0000159574.98964.87},
}

@Article{Hoffman2013,
  author  = {Hoffman, M. M. and Ernst, J. and Wilder, S. P. and Kundaje, A. and Harris, R. S. and Libbrecht, M. and Giardine, B. and Ellenbogen, P. M. and Bilmes, J. A. and Birney, E. and Hardison, R. C. and Dunham, I. and Kellis, M. and Noble, W. S.},
  title   = {Integrative annotation of chromatin elements from ENCODE data},
  journal = {Nucleic Acids Res},
  year    = {2013},
  volume  = {41},
  number  = {2},
  pages   = {827-41},
  issn    = {0305-1048},
  doi     = {10.1093/nar/gks1284},
  type    = {Journal Article},
}

@Article{Holoch2015,
  author  = {Holoch, Daniel and Moazed, Danesh},
  title   = {RNA-mediated epigenetic regulation of gene expression},
  journal = {Nature Reviews Genetics},
  year    = {2015},
  type    = {Journal Article},
  url     = {http://www.nature.com/nrg/journal/vaop/ncurrent/full/nrg3863.html},
}

@Article{Huber2009,
  author  = {Huber, M. and Heink, S. and Grothe, H. and Guralnik, A. and Reinhard, K. and Elflein, K. and Hunig, T. and Mittrucker, H. W. and Brustle, A. and Kamradt, T. and Lohoff, M.},
  title   = {A Th17-like developmental process leads to CD8(+) Tc17 cells with reduced cytotoxic activity},
  journal = {Eur J Immunol},
  year    = {2009},
  volume  = {39},
  pages   = {1716-25},
  issn    = {0014-2980},
  doi     = {10.1002/eji.200939412
10.1002/eji.200939412.},
  type    = {Journal Article},
  url     = {http://dx.doi.org/10.1002/eji.200939412},
}

@Article{Hueber2011,
  author  = {Hueber, A. J. and Alves-Filho, J. C. and Asquith, D. L. and Michels, C. and Millar, N. L. and Reilly, J. H. and Graham, G. J. and Liew, F. Y. and Miller, A. M. and McInnes, I. B.},
  title   = {IL-33 induces skin inflammation with mast cell and neutrophil activation},
  journal = {Eur J Immunol},
  year    = {2011},
  volume  = {41},
  number  = {8},
  pages   = {2229-37},
  issn    = {0014-2980},
  doi     = {10.1002/eji.201041360},
  type    = {Journal Article},
}

@Article{Hueffmeier2010,
  author  = {Hüffmeier, U. and Uebe, S. and Ekici, A. B. and Bowes, J. and Giardina, E.},
  title   = {Common variants at TRAF3IP2 are associated with susceptibility to psoriatic arthritis and psoriasis},
  journal = {Nature …},
  year    = {2010},
  volume  = {42},
  pages   = {996-999},
  doi     = {10.1038/ng.688},
  type    = {Journal Article},
  url     = {http://dx.doi.org/10.1038/ng.688},
}

@Article{Ibrahim2009,
  author  = {Ibrahim, G. and Waxman, R. and Helliwell, P. S.},
  title   = {The prevalence of psoriatic arthritis in people with psoriasis},
  journal = {Arthritis Rheum},
  year    = {2009},
  volume  = {61},
  number  = {10},
  pages   = {1373-8},
  issn    = {0004-3591 (Print)
0004-3591},
  doi     = {10.1002/art.24608},
  type    = {Journal Article},
}

@Article{Jabbari2012,
  author  = {Jabbari, Ali and Suárez-Fariñas, Mayte and Dewell, Scott and Krueger, James G.},
  title   = {Transcriptional profiling of psoriasis using RNA-seq reveals previously unidentified differentially expressed genes},
  journal = {The Journal of investigative dermatology},
  year    = {2012},
  volume  = {132},
  number  = {1},
  pages   = {246-249},
  issn    = {0022-202X},
  doi     = {10.1038/jid.2011.267},
  type    = {Journal Article},
  url     = {http://dx.doi.org/10.1038/jid.2011.267},
}

@Article{Jackson1999,
  author  = {Jackson, M. and Howie, S. E. and Weller, R. and Sabin, E. and Hunter, J. A. and McKenzie, R. C.},
  title   = {Psoriatic keratinocytes show reduced IRF-1 and STAT-1alpha activation in response to gamma-IFN},
  journal = {Faseb j},
  year    = {1999},
  volume  = {13},
  number  = {3},
  pages   = {495-502},
  issn    = {0892-6638 (Print)
0892-6638},
  type    = {Journal Article},
}

@Article{Jacobson2011,
  author  = {Jacobson, Christine C. and Kumar, Sandeep and Kimball, Alexa B.},
  title   = {Latitude and psoriasis prevalence},
  journal = {Journal of the American Academy of Dermatology},
  year    = {2011},
  volume  = {65},
  number  = {4},
  pages   = {870-873},
  issn    = {0190-9622},
  doi     = {10.1016/j.jaad.2009.05.047},
  type    = {Journal Article},
  url     = {http://dx.doi.org/10.1016/j.jaad.2009.05.047},
}

@Article{Kakkar2008,
  author  = {Kakkar, R. and Lee, R. T.},
  title   = {The IL-33/ST2 pathway: therapeutic target and novel biomarker},
  journal = {Nat Rev Drug Discov},
  year    = {2008},
  volume  = {7},
  number  = {10},
  pages   = {827-40},
  issn    = {1474-1776},
  doi     = {10.1038/nrd2660},
  type    = {Journal Article},
}

@Article{Kent2009,
  author  = {Kent, L.},
  title   = {Freezing and thawing human embryonic stem cells},
  journal = {Journal of visualized experiments: JoVE},
  year    = {2009},
  type    = {Journal Article},
  url     = {http://www.ncbi.nlm.nih.gov/pmc/articles/PMC3152242/},
}

@Article{Knight2014,
  author = {Knight, Benjamin P Fairfax and Julian C},
  title  = {Genetics of gene expression in immunity to infection},
  year   = {2014},
  volume = {30},
  pages  = {63–71},
  type   = {Journal Article},
  url    = {http://www.sciencedirect.com/science/article/pii/S0952791514000909},
}

@Article{Koohy2014,
  author  = {Koohy, Hashem and Down, Thomas A. and Spivakov, Mikhail and Hubbard, Tim},
  title   = {A comparison of peak callers used for DNase-Seq data},
  journal = {PloS one},
  year    = {2014},
  volume  = {9},
  number  = {5},
  issn    = {1932-6203},
  doi     = {10.1371/journal.pone.0096303},
  type    = {Journal Article},
  url     = {http://dx.doi.org/10.1371/journal.pone.0096303},
}

@Article{Kudlow2005,
  author  = {Kudlow and Susan, M. Lobo-Ruppert and J Michael Ruppert, K. Wade Foster and Zhaoli, Liu and Clinton, D. Nail and Xingnan, Li and Thomas, J. Fitzgerald and Sarah, K. Bailey and Andra, R. Frost and Iuri, D. Louro and Tim, M. Townes and Andrew, J. Paterson and Jeffrey, E.},
  title   = {Induction of KLF4 in basal keratinocytes blocks the proliferation|[ndash]|differentiation switch and initiates squamous epithelial dysplasia},
  journal = {Oncogene},
  year    = {2005},
  volume  = {24},
  pages   = {1491-1500},
  issn    = {0950-9232},
  doi     = {doi:10.1038/sj.onc.1208307},
  type    = {Journal Article},
  url     = {http://www.nature.com/onc/journal/v24/n9/abs/1208307a.html},
}

@Article{Lande2007,
  author  = {Lande, R. and Gregorio, J. and Facchinetti, V. and Chatterjee, B. and Wang, Y. H. and Homey, B. and Cao, W. and Su, B. and Nestle, F. O. and Zal, T. and Mellman, I. and Schroder, J. M. and Liu, Y. J. and Gilliet, M.},
  title   = {Plasmacytoid dendritic cells sense self-DNA coupled with antimicrobial peptide},
  journal = {Nature},
  year    = {2007},
  volume  = {449},
  pages   = {564-9},
  issn    = {0028-0836},
  doi     = {10.1038/nature06116},
  type    = {Journal Article},
  url     = {http://dx.doi.org/10.1038/nature06116},
}

@Article{Langmead2012,
  author  = {Langmead, B. and Salzberg, S. L.},
  title   = {Fast gapped-read alignment with Bowtie 2},
  journal = {Nature methods},
  year    = {2012},
  doi     = {10.1038/nmeth.1923},
  type    = {Journal Article},
  url     = {http://dx.doi.org/10.1038/nmeth.1923},
}

@Article{Lavin2014,
  author  = {Lavin, Y. and Winter, D. and Blecher-Gonen, R. and David, E. and Keren-Shaul, H. and Merad, M. and Jung, S. and Amit, I.},
  title   = {Tissue-resident macrophage enhancer landscapes are shaped by the local microenvironment},
  journal = {Cell},
  year    = {2014},
  volume  = {159},
  number  = {6},
  pages   = {1312-26},
  issn    = {0092-8674},
  doi     = {10.1016/j.cell.2014.11.018},
  type    = {Journal Article},
}

@Article{Lee2015,
  author  = {Lee, D. and Gorkin, D. U. and Baker, M. and Strober, B. J. and Asoni, A. L. and McCallion, A. S. and Beer, M. A.},
  title   = {A method to predict the impact of regulatory variants from DNA sequence},
  journal = {Nat Genet},
  year    = {2015},
  volume  = {47},
  number  = {8},
  pages   = {955-61},
  issn    = {1061-4036},
  doi     = {10.1038/ng.3331},
  type    = {Journal Article},
}

@Article{Lee2014,
  author  = {Lee, Mark N. and Ye, Chun and Villani, Alexandra-Chloé C. and Raj, Towfique and Li, Weibo and Eisenhaure, Thomas M. and Imboywa, Selina H. and Chipendo, Portia I. and Ran, F. A. and Slowikowski, Kamil and Ward, Lucas D. and Raddassi, Khadir and McCabe, Cristin and Lee, Michelle H. and Frohlich, Irene Y. and Hafler, David A. and Kellis, Manolis and Raychaudhuri, Soumya and Zhang, Feng and Stranger, Barbara E. and Benoist, Christophe O. and De Jager, Philip L. and Regev, Aviv and Hacohen, Nir},
  title   = {Common genetic variants modulate pathogen-sensing responses in human dendritic cells},
  journal = {Science (New York, N.Y.)},
  year    = {2014},
  volume  = {343},
  number  = {6175},
  pages   = {1246980-9},
  issn    = {0036-8075},
  doi     = {10.1126/science.1246980},
  type    = {Journal Article},
  url     = {http://dx.doi.org/10.1126/science.1246980},
}

@Article{Li,
  author  = {Li, B. and Tsoi, L. and Swindell, W. and Gudjonsson, J. and Tejasvi, T. and Johnston, A. and Ding, J. and Stuart, P. and Xing, X. and Kochkodan, J. and Voorhees, J. and Kang, H. and Nair, R. and Abecasis, G. and Elder, J.},
  title   = {Transcriptome analysis of psoriasis in a large case-control sample: RNA-seq provides insights into disease mechanisms},
  journal = {J Invest Dermatol},
  volume  = {134},
  pages   = {1828-1838},
  issn    = {0022-202x},
  doi     = {10.1038/jid.2014.28},
  type    = {Journal Article},
  url     = {http://dx.doi.org/10.1038/jid.2014.28},
}

@Article{Li2014,
  author  = {Li, B. and Tsoi, L. C. and Swindell, W. R. and Gudjonsson, J. E. and Tejasvi, T. and Johnston, A. and Ding, J. and Stuart, P. E. and Xing, X. and Kochkodan, J. J. and Voorhees, J. J. and Kang, H. M. and Nair, R. P. and Abecasis, G. R. and Elder, J. T.},
  title   = {Transcriptome analysis of psoriasis in a large case-control sample: RNA-seq provides insights into disease mechanisms},
  journal = {J Invest Dermatol},
  year    = {2014},
  volume  = {134},
  pages   = {1828-38},
  issn    = {0022-202x},
  doi     = {10.1038/jid.2014.28
10.1038/jid.2014.28. Epub 2014 Jan 17.},
  type    = {Journal Article},
  url     = {http://dx.doi.org/10.1038/jid.2014.28},
}

@Article{Li2013,
  author  = {Li, M. J. and Wang, L. Y. and Xia, Z. and Sham, P. C.},
  title   = {GWAS3D: detecting human regulatory variants by integrative analysis of genome-wide associations, chromosome interactions and histone modifications},
  journal = {Nucleic acids research},
  year    = {2013},
  volume  = {41},
  pages   = {150-158},
  doi     = {10.1093/nar/gkt456},
  type    = {Journal Article},
  url     = {http://dx.doi.org/10.1093/nar/gkt456},
}

@Article{Liu2008,
  author  = {Liu, Ying and Helms, Cynthia and Liao, Wilson and Zaba, Lisa C. and Duan, Shenghui and Gardner, Jennifer and Wise, Carol and Miner, Andrew and Malloy, M. J. and Pullinger, Clive R. and Kane, John P. and Saccone, Scott and Worthington, Jane and Bruce, Ian and Kwok, Pui–Yan and Menter, Alan and Krueger, James and Barton, Anne and Saccone, Nancy L. and Bowcock, Anne M.},
  title   = {A Genome-Wide Association Study of Psoriasis and Psoriatic Arthritis Identifies New Disease Loci},
  journal = {PLoS Genetics},
  year    = {2008},
  volume  = {4},
  number  = {4},
  pages   = {1-14},
  issn    = {1553-7390},
  doi     = {10.1371/journal.pgen.1000041},
  type    = {Journal Article},
  url     = {http://dx.doi.org/10.1371/journal.pgen.1000041},
}

@Article{Loennberg2013,
  author  = {Lønnberg, Ann and Skov, Liselotte and Skytthe, A. and Kyvik, K. O. and Pedersen, O. B. and Thomsen, S. F.},
  title   = {Heritability of psoriasis in a large twin sample},
  journal = {British Journal of Dermatology},
  year    = {2013},
  volume  = {169},
  number  = {2},
  pages   = {412-416},
  doi     = {10.1111/bjd.12375},
  type    = {Journal Article},
  url     = {http://dx.doi.org/10.1111/bjd.12375},
}

@Article{Lowe2015,
  author  = {Lowe, William L. and Reddy, Timothy E.},
  title   = {Genomic approaches for understanding the genetics of complex disease},
  journal = {Genome research},
  year    = {2015},
  volume  = {25},
  number  = {10},
  pages   = {1432-1441},
  issn    = {1088-9051},
  doi     = {10.1101/gr.190603.115},
  type    = {Journal Article},
  url     = {http://dx.doi.org/10.1101/gr.190603.115},
}

@Article{Lu2013,
  author  = {Lu, Yingchang and Kane, Sinae and Chen, Haoyan and Leon, Argentina and Levin, Ethan and Nguyen, Tien and Debbaneh, Maya and Millsop, Jillian W. and Gupta, Rishu and Huynh, Monica and Butler, Daniel and Cordoro, Kelly and Liao, Wilson},
  title   = {The Role of 39 Psoriasis Risk Variants on Age of Psoriasis Onset},
  journal = {ISRN Dermatology},
  year    = {2013},
  volume  = {2013},
  pages   = {4},
  doi     = {10.1155/2013/203941},
  type    = {Journal Article},
  url     = {http://dx.doi.org/10.1155/2013/203941},
}

@Article{Maller2012,
  author  = {Maller, J. B. and McVean, G. and Byrnes, J. and Vukcevic, D. and Palin, K. and Su, Z. and Howson, J. M. and Auton, A. and Myers, S. and Morris, A. and Pirinen, M. and Brown, M. A. and Burton, P. R. and Caulfield, M. J. and Compston, A. and Farrall, M. and Hall, A. S. and Hattersley, A. T. and Hill, A. V. and Mathew, C. G. and Pembrey, M. and Satsangi, J. and Stratton, M. R. and Worthington, J. and Craddock, N. and Hurles, M. and Ouwehand, W. and Parkes, M. and Rahman, N. and Duncanson, A. and Todd, J. A. and Kwiatkowski, D. P. and Samani, N. J. and Gough, S. C. and McCarthy, M. I. and Deloukas, P. and Donnelly, P.},
  title   = {Bayesian refinement of association signals for 14 loci in 3 common diseases},
  journal = {Nat Genet},
  year    = {2012},
  volume  = {44},
  number  = {12},
  pages   = {1294-301},
  issn    = {1061-4036},
  doi     = {10.1038/ng.2435},
  type    = {Journal Article},
  url     = {http://www.nature.com/ng/journal/v44/n12/full/ng.2435.html},
}

@Article{Maller2012a,
  author  = {Maller, J. B. and McVean, G. and Byrnes, J. and Vukcevic, D. and Palin, K. and Su, Z. and Howson, J. M. and Auton, A. and Myers, S. and Morris, A. and Pirinen, M. and Brown, M. A. and Burton, P. R. and Caulfield, M. J. and Compston, A. and Farrall, M. and Hall, A. S. and Hattersley, A. T. and Hill, A. V. and Mathew, C. G. and Pembrey, M. and Satsangi, J. and Stratton, M. R. and Worthington, J. and Craddock, N. and Hurles, M. and Ouwehand, W. and Parkes, M. and Rahman, N. and Duncanson, A. and Todd, J. A. and Kwiatkowski, D. P. and Samani, N. J. and Gough, S. C. and McCarthy, M. I. and Deloukas, P. and Donnelly, P.},
  title   = {Bayesian refinement of association signals for 14 loci in 3 common diseases},
  journal = {Nat Genet},
  year    = {2012},
  volume  = {44},
  number  = {12},
  pages   = {1294-301},
  issn    = {1061-4036},
  doi     = {10.1038/ng.2435},
  type    = {Journal Article},
}

@Article{Martin2011,
  author  = {Martin, Marcel},
  title   = {Cutadapt removes adapter sequences from high-throughput sequencing reads},
  journal = {EMBnet. journal},
  year    = {2011},
  volume  = {17},
  number  = {1},
  pages   = {10-12},
  type    = {Journal Article},
  url     = {http://journal.embnet.org/index.php/embnetjournal/article/view/200},
}

@Article{McKenzie2013,
  author  = {McKenzie, Jennifer A. Walker and Jillian, L. Barlow and Andrew, N. J.},
  title   = {Innate lymphoid cells |[mdash]| how did we miss them?},
  journal = {Nature Reviews Immunology},
  year    = {2013},
  volume  = {13},
  pages   = {75-87},
  issn    = {1474-1733},
  doi     = {doi:10.1038/nri3349},
  type    = {Journal Article},
  url     = {http://www.nature.com/nri/journal/v13/n2/full/nri3349.html},
}

@Article{Miller2011,
  author  = {Miller, Ashley},
  title   = {Role of IL-33 in inflammation and disease},
  journal = {Journal of Inflammation},
  year    = {2011},
  volume  = {8},
  number  = {1},
  pages   = {22},
  issn    = {1476-9255},
  type    = {Journal Article},
  url     = {http://www.journal-inflammation.com/content/8/1/22},
}

@Article{Moll1973,
  author  = {Moll, J. M. H. and in, arthritis and rheumatism, Wright - V.},
  title   = {Psoriatic arthritis},
  journal = {Seminars in arthritis and rheumatism},
  year    = {1973},
  type    = {Journal Article},
  url     = {http://www.sciencedirect.com/science/article/pii/0049017273900358},
}

@Article{Nair2009,
  author  = {Nair, R. P. and Duffin, K. C. and Helms, C. and Ding, J. and Stuart, P. E. and Goldgar, D. and Gudjonsson, J. E. and Li, Y. and Tejasvi, T. and Feng, B. J. and Ruether, A. and Schreiber, S. and Weichenthal, M. and Gladman, D. and Rahman, P. and Schrodi, S. J. and Prahalad, S. and Guthery, S. L. and Fischer, J. and Liao, W. and Kwok, P. Y. and Menter, A. and Lathrop, G. M. and Wise, C. A. and Begovich, A. B. and Voorhees, J. J. and Elder, J. T. and Krueger, G. G. and Bowcock, A. M. and Abecasis, G. R.},
  title   = {Genome-wide scan reveals association of psoriasis with IL-23 and NF-kappaB pathways},
  journal = {Nat Genet},
  year    = {2009},
  volume  = {41},
  pages   = {199-204},
  issn    = {1061-4036},
  doi     = {10.1038/ng.311
10.1038/ng.311. Epub 2009 Jan 25.},
  type    = {Journal Article},
  url     = {http://dx.doi.org/10.1038/ng.311},
}

@Article{Nair2008,
  author  = {Nair, R. P. and Ruether, A. and Stuart, P. E. and Jenisch, S. and Tejasvi, T. and Hiremagalore, R. and Schreiber, S. and Kabelitz, D. and Lim, H. W. and Voorhees, J. J. and Christophers, E. and Elder, J. T. and Weichenthal, M.},
  title   = {Polymorphisms of the IL12B and IL23R genes are associated with psoriasis},
  journal = {J Invest Dermatol},
  year    = {2008},
  volume  = {128},
  pages   = {1653-61},
  issn    = {0022-202x},
  doi     = {10.1038/sj.jid.5701255
10.1038/sj.jid.5701255. Epub 2008 Jan 24.},
  type    = {Journal Article},
  url     = {http://dx.doi.org/10.1038/sj.jid.5701255},
}

@InBook{Nair2006,
  pages     = {827-51},
  title     = {Sequence and Haplotype Analysis Supports HLA-C as the Psoriasis Susceptibility 1 Gene},
  year      = {2006},
  author    = {Nair, R. P. and Stuart, P. E. and Nistor, I. and Hiremagalore, R. and Chia, N. V. C. and Jenisch, S. and Weichenthal, M. and Abecasis, G. R. and Lim, H. W. and Christophers, E. and Voorhees, J. J. and Elder, J. T.},
  volume    = {78},
  type      = {Book Section},
  isbn      = {0002-9297 (Print)1537-6605 (Electronic)},
  booktitle = {Am J Hum Genet},
  url       = {http://dx.doi.org/},
}

@Article{Najarian2003,
  author  = {Najarian, D. J. and of the of, Gottlieb - A. B.},
  title   = {Connections between psoriasis and Crohn's disease},
  journal = {Journal of the American Academy of …},
  year    = {2003},
  type    = {Journal Article},
  url     = {http://www.sciencedirect.com/science/article/pii/S0190962203011289},
}

@Article{Nestle2009,
  author  = {Nestle, Frank O. and Kaplan, Daniel H. and Barker, Jonathan},
  title   = {Psoriasis},
  journal = {New England Journal of Medicine},
  year    = {2009},
  volume  = {361},
  number  = {5},
  pages   = {496-509},
  doi     = {doi:10.1056/NEJMra0804595},
  type    = {Journal Article},
  url     = {http://www.nejm.org/doi/full/10.1056/NEJMra0804595},
}

@Article{Nica2014,
  author  = {Nica and Parts and Glass and Nisbet and Barrett and Sekowska and Travers and Potter and Grundberg and Small and Hedman and Bataille and Bell and Surdulescu and Dimas and Ingle and Nestle and Meglio and Min and Wilk and Hammond and Hassanali and Yang and Montgomery and O'Rahilly and Lindgren and Zondervan and Soranzo and Barroso and Durbin and Ahmadi and mail and mail and mail and mail and Consortium, The},
  title   = {The Architecture of Gene Regulatory Variation across Multiple Human Tissues: The MuTHER Study},
  journal = {The Architecture of Gene Regulatory Variation across Multiple Human Tissues: The MuTHER Study},
  year    = {2014},
  volume  = {7},
  number  = {6},
  pages   = {1-9},
  doi     = {10.1371/journal.pgen.1002003},
  type    = {Journal Article},
  url     = {http://dx.doi.org/10.1371/journal.pgen.1002003},
}

@InBook{Nickoloff2004,
  pages     = {1664-75},
  title     = {Recent insights into the immunopathogenesis of psoriasis provide new therapeutic opportunities},
  year      = {2004},
  author    = {Nickoloff, B. J. and Nestle, F. O.},
  volume    = {113},
  type      = {Book Section},
  isbn      = {0021-9738 (Print)},
  booktitle = {J Clin Invest},
  doi       = {10.1172/jci200422147},
  url       = {http://dx.doi.org/10.1172/jci200422147},
}

@Article{Nickoloff2007,
  author  = {Nickoloff, B. J. and Qin, J. Z. and Nestle, F. O.},
  title   = {Immunopathogenesis of psoriasis},
  journal = {Clin Rev Allergy Immunol},
  year    = {2007},
  volume  = {33},
  number  = {1-2},
  pages   = {45-56},
  issn    = {1080-0549 (Print)
1080-0549},
  doi     = {10.1007/s12016-007-0039-2},
  type    = {Journal Article},
}

@Article{Nickoloff1999,
  author  = {Nickoloff, B. J. and Wrone-Smith, T.},
  title   = {Injection of pre-psoriatic skin with CD4+ T cells induces psoriasis},
  journal = {Am J Pathol},
  year    = {1999},
  volume  = {155},
  pages   = {145-58},
  issn    = {0002-9440 (Print)0002-9440},
  doi     = {10.1016/s0002-9440(10)65109-7},
  type    = {Journal Article},
  url     = {http://dx.doi.org/10.1016/s0002-9440(10)65109-7},
}

@Article{Nie2014,
  author  = {Nie, Yumin and Cheng, Xiangfei and Chen, Jiao and Sun, Xiao},
  title   = {Nucleosome organization in the vicinity of transcription factor binding sites in the human genome},
  journal = {BMC genomics},
  year    = {2014},
  volume  = {15},
  pages   = {493},
  issn    = {1471-2164},
  doi     = {10.1186/1471-2164-15-493},
  type    = {Journal Article},
  url     = {http://dx.doi.org/10.1186/1471-2164-15-493},
}

@Article{Oeth1997,
  author  = {Oeth, P. and Parry, G. C. N. and Mackman, N.},
  title   = {Regulation of the Tissue Factor Gene in Human Monocytic Cells: Role of AP-1, NF- B/Rel, and Sp1 Proteins in Uninduced and Lipopolysaccharide-Induced Expression},
  journal = {Arteriosclerosis, Thrombosis, and Vascular Biology},
  year    = {1997},
  volume  = {17},
  number  = {2},
  pages   = {365-374},
  issn    = {1079-5642},
  doi     = {10.1161/01.ATV.17.2.365},
  type    = {Journal Article},
  url     = {http://dx.doi.org/10.1161/01.ATV.17.2.365},
}

@Article{Onoufriadis2011,
  author  = {Onoufriadis, Alexandros and Simpson, Michael A. and Pink, Andrew E. and Meglio, Paola and Smith, Catherine H. and Pullabhatla, Venu and Knight, Jo and Spain, Sarah L. and Nestle, Frank O. and Burden, David A.},
  title   = {Mutations in IL36RN/IL1F5 are associated with the severe episodic inflammatory skin disease known as generalized pustular psoriasis},
  journal = {The American Journal of Human Genetics},
  year    = {2011},
  volume  = {89},
  number  = {3},
  pages   = {432-437},
  type    = {Journal Article},
  url     = {http://www.sciencedirect.com/science/article/pii/S0002929711003168},
}

@TechReport{Organization2016,
  author = {Organization, World Health},
  title  = {Global report on psoriasis},
  year   = {2016},
  type   = {Report},
}

@Article{Parisi2013,
  author  = {Parisi, R. and Symmons, D. P. and Griffiths, C. E. and Ashcroft, D. M.},
  title   = {Global epidemiology of psoriasis: a systematic review of incidence and prevalence},
  journal = {J Invest Dermatol},
  year    = {2013},
  volume  = {133},
  number  = {2},
  pages   = {377-85},
  issn    = {0022-202x},
  doi     = {10.1038/jid.2012.339},
  type    = {Journal Article},
}

@Article{Paul2014,
  author  = {Paul, D. S. and Soranzo, N. and Beck, S.},
  title   = {Functional interpretation of non‐coding sequence variation: Concepts and challenges},
  journal = {Bioessays},
  year    = {2014},
  volume  = {36},
  pages   = {191-200},
  doi     = {10.1002/bies.201300126},
  type    = {Journal Article},
  url     = {http://dx.doi.org/10.1002/bies.201300126},
}

@Article{Perera2012,
  author  = {Perera, G. K. and Di Meglio, P. and Nestle, F. O.},
  title   = {Psoriasis},
  journal = {Annu Rev Pathol},
  year    = {2012},
  volume  = {7},
  pages   = {385-422},
  issn    = {1553-4006},
  doi     = {10.1146/annurev-pathol-011811-132448},
  type    = {Journal Article},
}

@Article{Phillips2009,
  author  = {Phillips, J. E. and Corces, V. G.},
  title   = {CTCF: master weaver of the genome},
  journal = {Cell},
  year    = {2009},
  volume  = {137},
  pages   = {1194-211},
  issn    = {0092-8674},
  doi     = {10.1016/j.cell.2009.06.001
10.1016/j.cell.2009.06.001.},
  type    = {Journal Article},
  url     = {http://dx.doi.org/10.1016/j.cell.2009.06.001},
}

@Article{Poole2010,
  author  = {Poole, C. D. and Lebmeier, M. and Ara, R. and Rheumatology, Rafia - R.},
  title   = {Estimation of health care costs as a function of disease severity in people with psoriatic arthritis in the UK},
  journal = {Rheumatology},
  year    = {2010},
  doi     = {10.1093/rheumatology/keq182},
  type    = {Journal Article},
  url     = {http://dx.doi.org/10.1093/rheumatology/keq182},
}

@Article{Proell2012,
  author  = {Proell, M. and Gerlic, M. and Mace, P. D. and Reed, J. C. and Riedl, S. J.},
  title   = {The CARD plays a critical role in ASC foci formation and inflammasome signalling},
  journal = {Biochem J},
  year    = {2012},
  volume  = {449},
  pages   = {613-21},
  issn    = {0264-6021},
  doi     = {10.1042/bj20121198},
  type    = {Journal Article},
  url     = {http://dx.doi.org/10.1042/bj20121198},
}

@Article{Proksch2008,
  author  = {Proksch, E. and Brandner, J. M. and Jensen, J. M.},
  title   = {The skin: an indispensable barrier},
  journal = {Exp Dermatol},
  year    = {2008},
  volume  = {17},
  number  = {12},
  pages   = {1063-72},
  issn    = {0906-6705},
  type    = {Journal Article},
}

@Article{Purcell2007,
  author  = {Purcell, S. and Neale, B. and Todd-Brown, K. and Thomas, L. and Ferreira, M. A. and Bender, D. and Maller, J. and Sklar, P. and de Bakker, P. I. and Daly, M. J. and Sham, P. C.},
  title   = {PLINK: a tool set for whole-genome association and population-based linkage analyses},
  journal = {Am J Hum Genet},
  year    = {2007},
  volume  = {81},
  number  = {3},
  pages   = {559-75},
  issn    = {0002-9297 (Print)
0002-9297},
  doi     = {10.1086/519795},
  type    = {Journal Article},
}

@Article{Quinlan2010,
  author  = {Quinlan, A. R. and Hall, I. M.},
  title   = {BEDTools: a flexible suite of utilities for comparing genomic features},
  journal = {Bioinformatics},
  year    = {2010},
  volume  = {26},
  pages   = {841-842},
  doi     = {10.1093/bioinformatics/btq033},
  type    = {Journal Article},
  url     = {http://dx.doi.org/10.1093/bioinformatics/btq033},
}

@Article{Raj2014,
  author  = {Raj, Towfique and Rothamel, Katie and Mostafavi, Sara and Ye, Chun and Lee, Mark N. and Replogle, Joseph M. and Feng, Ting and Lee, Michelle and Asinovski, Natasha and Frohlich, Irene},
  title   = {Polarization of the effects of autoimmune and neurodegenerative risk alleles in leukocytes},
  journal = {Science},
  year    = {2014},
  volume  = {344},
  number  = {6183},
  pages   = {519-523},
  type    = {Journal Article},
  url     = {http://www.sciencemag.org/content/344/6183/519.short},
}

@Article{Reich2012,
  author  = {Reich, K.},
  title   = {The concept of psoriasis as a systemic inflammation: implications for disease management},
  journal = {Journal of the European Academy of Dermatology …},
  year    = {2012},
  volume  = {26},
  pages   = {3-11},
  doi     = {10.1111/j.1468-3083.2011.04410.x},
  type    = {Journal Article},
  url     = {http://dx.doi.org/10.1111/j.1468-3083.2011.04410.x},
}

@Article{Reich2009,
  author  = {Reich, K. and Krüger, K. and of Dermatology, Mössner - R.},
  title   = {Epidemiology and clinical pattern of psoriatic arthritis in Germany: a prospective interdisciplinary epidemiological study of 1511 patients with plaque‐type psoriasis},
  journal = {… Journal of Dermatology},
  year    = {2009},
  doi     = {10.1111/j.1365-2133.2008.09023.x},
  type    = {Journal Article},
  url     = {http://dx.doi.org/10.1111/j.1365-2133.2008.09023.x},
}

@Article{Ries1998,
  author  = {Ries, S. and Büchler, C. and Langmann, T. and Fehringer, P.},
  title   = {Transcriptional regulation of lysosomal acid lipase in differentiating monocytes is mediated by transcription factors Sp1 and AP-2},
  journal = {Journal of lipid …},
  year    = {1998},
  type    = {Journal Article},
  url     = {http://www.jlr.org/content/39/11/2125.short},
}

@Article{Rushworth2011,
  author  = {Rushworth, S. A. and Shah, S.},
  title   = {TNF mediates the sustained activation of Nrf2 in human monocytes},
  journal = {The Journal of …},
  year    = {2011},
  doi     = {10.4049/jimmunol.1004117},
  type    = {Journal Article},
  url     = {http://dx.doi.org/10.4049/jimmunol.1004117},
}

@Article{Saeed2014,
  author  = {Saeed, S. and Quintin, J. and Kerstens, H. H. and Rao, N. A. and Aghajanirefah, A. and Matarese, F. and Cheng, S. C. and Ratter, J. and Berentsen, K. and van der Ent, M. A. and Sharifi, N. and Janssen-Megens, E. M. and Ter Huurne, M. and Mandoli, A. and van Schaik, T. and Ng, A. and Burden, F. and Downes, K. and Frontini, M. and Kumar, V. and Giamarellos-Bourboulis, E. J. and Ouwehand, W. H. and van der Meer, J. W. and Joosten, L. A. and Wijmenga, C. and Martens, J. H. and Xavier, R. J. and Logie, C. and Netea, M. G. and Stunnenberg, H. G.},
  title   = {Epigenetic programming of monocyte-to-macrophage differentiation and trained innate immunity},
  journal = {Science},
  year    = {2014},
  volume  = {345},
  number  = {6204},
  pages   = {1251086},
  issn    = {0036-8075},
  doi     = {10.1126/science.1251086},
  type    = {Journal Article},
}

@Article{Sampogna2012,
  author  = {Sampogna, Francesca and Tabolli, Stefano and Abeni, Damiano},
  title   = {Living with psoriasis: prevalence of shame, anger, worry, and problems in daily activities and social life},
  journal = {Acta dermato-venereologica},
  year    = {2012},
  volume  = {92},
  number  = {3},
  pages   = {299-303},
  doi     = {10.2340/00015555-1273},
  type    = {Journal Article},
  url     = {http://dx.doi.org/10.2340/00015555-1273},
}

@Article{Schep2015,
  author  = {Schep, Alicia and Buenrostro, Jason D. and Denny, Sarah K. and Schwartz, Katja and Sherlock, Gavin and Greenleaf, William J.},
  title   = {Structured nucleosome fingerprints enable high-resolution mapping of chromatin architecture within regulatory regions},
  journal = {bioRxiv},
  year    = {2015},
  volume  = {25},
  pages   = {1757-1770},
  type    = {Journal Article},
  url     = {http://www.biorxiv.org/content/biorxiv/early/2015/03/17/016642.full.pdf},
}

@Article{Schork2009,
  author  = {Schork, N. J. and Murray, S. S. and Frazer, K. A. and Topol, E. J.},
  title   = {Common vs. rare allele hypotheses for complex diseases},
  journal = {Curr Opin Genet Dev},
  year    = {2009},
  volume  = {19},
  number  = {3},
  pages   = {212-9},
  issn    = {0959-437x},
  doi     = {10.1016/j.gde.2009.04.010},
  type    = {Journal Article},
}

@Article{Shapiro2007,
  author  = {Shapiro, J. and Cohen, A. D. and David, M. and of the American …, Hodak - E.},
  title   = {The association between psoriasis, diabetes mellitus, and atherosclerosis in Israel: a case-control study},
  journal = {Journal of the American …},
  year    = {2007},
  type    = {Journal Article},
  url     = {http://www.sciencedirect.com/science/article/pii/S0190962206025436},
}

@Article{Sims2014,
  author  = {Sims, David and Sudbery, Ian and Ilott, Nicholas E. and Heger, Andreas and Ponting, Chris P.},
  title   = {Sequencing depth and coverage: key considerations in genomic analyses},
  journal = {Nat Rev Genet},
  year    = {2014},
  volume  = {15},
  number  = {2},
  pages   = {121-132},
  issn    = {1471-0056},
  doi     = {10.1038/nrg3642},
  type    = {Journal Article},
  url     = {http://dx.doi.org/10.1038/nrg3642},
}

@Article{Smemo2014,
  author  = {Smemo, S. and Tena, J. J. and Kim, K. H. and Gamazon, E. R. and Sakabe, N. J.},
  title   = {Obesity-associated variants within FTO form long-range functional connections with IRX3},
  journal = {Nature},
  year    = {2014},
  volume  = {507},
  pages   = {371-375},
  doi     = {10.1038/nature13138},
  type    = {Journal Article},
  url     = {http://dx.doi.org/10.1038/nature13138},
}

@Article{Song2011,
  author  = {Song, L. and Zhang, Z. and Grasfeder, L. L. and Boyle, A. P. and Giresi, P. G. and Lee, B. K. and Sheffield, N. C. and Graf, S. and Huss, M. and Keefe, D. and Liu, Z. and London, D. and McDaniell, R. M. and Shibata, Y. and Showers, K. A. and Simon, J. M. and Vales, T. and Wang, T. and Winter, D. and Clarke, N. D. and Birney, E. and Iyer, V. R. and Crawford, G. E. and Lieb, J. D. and Furey, T. S.},
  title   = {Open chromatin defined by DNaseI and FAIRE identifies regulatory elements that shape cell-type identity},
  journal = {Genome Res},
  year    = {2011},
  volume  = {21},
  pages   = {1757-67},
  issn    = {1088-9051 (Print)1549-5469 (Electronic)},
  doi     = {10.1101/gr.121541.111
10.1101/gr.121541.111.},
  type    = {Journal Article},
  url     = {http://dx.doi.org/10.1101/gr.121541.111},
}

@Article{Spilianakis2004,
  author  = {Spilianakis, Charalampos G. and Flavell, Richard A.},
  title   = {Long-range intrachromosomal interactions in the T helper type 2 cytokine locus},
  journal = {Nature immunology},
  year    = {2004},
  volume  = {5},
  number  = {10},
  pages   = {1017-1027},
  doi     = {10.1038/ni1115},
  type    = {Journal Article},
  url     = {http://dx.doi.org/10.1038/ni1115},
}

@Article{Springate2017,
  author  = {Springate, D. A. and Parisi, R. and of …, Kontopantelis - E.},
  title   = {Incidence, prevalence and mortality of patients with psoriasis: a UK population‐based cohort study},
  journal = {British Journal of …},
  year    = {2017},
  doi     = {10.1111/bjd.15021},
  type    = {Journal Article},
  url     = {http://dx.doi.org/10.1111/bjd.15021},
}

@Article{Stefan2014,
  author  = {Stefan, M. and Wei, C. and Lombardi, A. and Li, C. W.},
  title   = {Genetic–epigenetic dysregulation of thymic TSH receptor gene expression triggers thyroid autoimmunity},
  journal = {Proceedings of the …},
  year    = {2014},
  type    = {Journal Article},
  url     = {http://www.pnas.org/content/111/34/12562.short},
}

@Article{Stefan2014a,
  author  = {Stefan, M. and Wei, C. and Lombardi, A. and Li, C. W. and Concepcion, E. S. and Inabnet, W. B., 3rd and Owen, R. and Zhang, W. and Tomer, Y.},
  title   = {Genetic-epigenetic dysregulation of thymic TSH receptor gene expression triggers thyroid autoimmunity},
  journal = {Proc Natl Acad Sci U S A},
  year    = {2014},
  volume  = {111},
  pages   = {12562-7},
  issn    = {0027-8424},
  doi     = {10.1073/pnas.1408821111
10.1073/pnas.1408821111. Epub 2014 Aug 13.},
  type    = {Journal Article},
  url     = {http://dx.doi.org/10.1073/pnas.1408821111},
}

@Article{Steinmetz2004,
  author  = {Steinmetz, L. M. and Davis, R. W.},
  title   = {Maximizing the potential of functional genomics},
  journal = {Nat Rev Genet},
  year    = {2004},
  volume  = {5},
  number  = {3},
  pages   = {190-201},
  issn    = {1471-0056 (Print)
1471-0056},
  doi     = {10.1038/nrg1293},
  type    = {Journal Article},
}

@Article{Steinmetz2004a,
  author  = {Steinmetz, L. M. and Davis, R. W.},
  title   = {Maximizing the potential of functional genomics},
  journal = {Nature Reviews Genetics},
  year    = {2004},
  doi     = {10.1038/nrg1293},
  type    = {Journal Article},
  url     = {http://dx.doi.org/10.1038/nrg1293},
}

@Article{Strange2010,
  author  = {Strange, A. and Capon, F. and Spencer, C. C. and Knight, J. and Weale, M. E. and Allen, M. H. and Barton, A. and Band, G. and Bellenguez, C. and Bergboer, J. G. and Blackwell, J. M. and Bramon, E. and Bumpstead, S. J. and Casas, J. P. and Cork, M. J. and Corvin, A. and Deloukas, P. and Dilthey, A. and Duncanson, A. and Edkins, S. and Estivill, X. and Fitzgerald, O. and Freeman, C. and Giardina, E. and Gray, E. and Hofer, A. and Huffmeier, U. and Hunt, S. E. and Irvine, A. D. and Jankowski, J. and Kirby, B. and Langford, C. and Lascorz, J. and Leman, J. and Leslie, S. and Mallbris, L. and Markus, H. S. and Mathew, C. G. and McLean, W. H. and McManus, R. and Mossner, R. and Moutsianas, L. and Naluai, A. T. and Nestle, F. O. and Novelli, G. and Onoufriadis, A. and Palmer, C. N. and Perricone, C. and Pirinen, M. and Plomin, R. and Potter, S. C. and Pujol, R. M. and Rautanen, A. and Riveira-Munoz, E. and Ryan, A. W. and Salmhofer, W. and Samuelsson, L. and Sawcer, S. J. and Schalkwijk, J. and Smith, C. H. and Stahle, M. and Su, Z. and Tazi-Ahnini, R. and Traupe, H. and Viswanathan, A. C. and Warren, R. B. and Weger, W. and Wolk, K. and Wood, N. and Worthington, J. and Young, H. S. and Zeeuwen, P. L. and Hayday, A. and Burden, A. D. and Griffiths, C. E. and Kere, J. and Reis, A. and McVean, G. and Evans, D. M. and Brown, M. A. and Barker, J. N. and Peltonen, L. and Donnelly, P. and Trembath, R. C.},
  title   = {A genome-wide association study identifies new psoriasis susceptibility loci and an interaction between HLA-C and ERAP1},
  journal = {Nat Genet},
  year    = {2010},
  volume  = {42},
  pages   = {985-90},
  issn    = {1061-4036},
  doi     = {10.1038/ng.694
10.1038/ng.694. Epub 2010 Oct 17.},
  type    = {Journal Article},
  url     = {http://dx.doi.org/10.1038/ng.694},
}

@Article{Stuart2010,
  author  = {Stuart, Philip E. and Nair, Rajan P. and Ellinghaus, Eva and Ding, Jun and Tejasvi, Trilokraj and Gudjonsson, Johann E. and Li, Yun and Weidinger, Stephan and Eberlein, Bernadette and Gieger, Christian and Wichmann, H. E. and Kunz, Manfred and Ike, Robert and Krueger, Gerald G. and Bowcock, Anne M. and Mrowietz, Ulrich and Lim, Henry W. and Voorhees, John J. and Abecasis, Gonçalo R. and Weichenthal, Michael and Franke, Andre and Rahman, Proton and Gladman, Dafna D. and Elder, James T.},
  title   = {Genome-wide association analysis identifies three psoriasis susceptibility loci},
  journal = {Nature genetics},
  year    = {2010},
  volume  = {42},
  number  = {11},
  pages   = {1000-1004},
  issn    = {1061-4036},
  doi     = {10.1038/ng.693},
  type    = {Journal Article},
  url     = {http://dx.doi.org/10.1038/ng.693},
}

@Article{Sun0100,
  author  = {Sun, Lian-Dang and Cheng, Hui and Xue-Qin, Yang and Jian-Zhong, Zhang and Ai, E. and Ri-Na, Wu and Li-Min, Xu and Lin, Peng and Cynthia, A. and Yun-Qing, Ren and Chi, Zhang and Shu-Mei, Zhang and Rajan, P. and Hong-Yan, Wang and Guo-Shu, Lin and Philip, E. and Xing, Fan and Gang, Chen and Trilokraj, Tejasvi and Pan, Li and Jun, Zhu and Zhi-Ming, Li and Hong-Mei, Ge and Michael, Weichenthal and Wen-Zheng, Ye and Cheng, Zhang and Song-Ke, Shen and Bao-Qi, Yang and Yuan-Yuan, Sun and Shan-Shan, Li and Yan, Lin and Jian-Hua, Jiang and Cun-Tao, Li and Ri-Xin, Chen and Juan, Cheng and Xin, Jiang and Peng, Zhang and Wei-Min, Song and Jin, Tang and Hao-Qin, Zhang and Li, Sun and Jing, Cui and Li-Jun, Zhang and Biao, Tang and Fei, Huang and Qian, Qin and Xiao-Ping, Pei and Ai-Min, Zhou and Li-Mei, Shao and Jian-Lan, Liu and Feng-Yu, Zhang and Wei-Dong, Du and Andre, Franke and Anne, M. and James, T. and Jian-Jun, Liu and Sen, Yang and Zhang, Liang-Dan and Hui, Cheng and Zai-Xing, Wang and An-Ping, Zhang and Pei-Guang, Wang and Jin-Hua, Xu and Qi-Xing, Zhu and Hai-Sheng, Zhou and Eva, Ellinghaus and Fu-Ren, Zhang and Xiong, Ming},
  title   = {Association analyses identify six new psoriasis susceptibility loci in the Chinese population},
  journal = {Nature Genetics},
  year    = {0100},
  volume  = {42},
  issn    = {1061-4036},
  doi     = {10.1038/ng.690},
  type    = {Journal Article},
  url     = {http://dx.doi.org/10.1038/ng.690},
}

@Article{Sun2010,
  author  = {Sun, Lian-Dang and Cheng, Hui and Xue-Qin, Yang and Jian-Zhong, Zhang and Ai, E. Xu and Ri-Na, Wu and Li-Min, Xu and Lin, Peng and Cynthia, A. Helms and Yun-Qing, Ren and Chi, Zhang and Shu-Mei, Zhang and Rajan, P. Nair and Hong-Yan, Wang and Guo-Shu, Lin and Philip, E. Stuart and Xing, Fan and Gang, Chen and Trilokraj, Tejasvi and Pan, Li and Jun, Zhu and Zhi-Ming, Li and Hong-Mei, Ge and Michael, Weichenthal and Wen-Zheng, Ye and Cheng, Zhang and Song-Ke, Shen and Bao-Qi, Yang and Yuan-Yuan, Sun and Shan-Shan, Li and Yan, Lin and Jian-Hua, Jiang and Cun-Tao, Li and Ri-Xin, Chen and Juan, Cheng and Xin, Jiang and Peng, Zhang and Wei-Min, Song and Jin, Tang and Hao-Qin, Zhang and Li, Sun and Jing, Cui and Li-Jun, Zhang and Biao, Tang and Fei, Huang and Qian, Qin and Xiao-Ping, Pei and Ai-Min, Zhou and Li-Mei, Shao and Jian-Lan, Liu and Feng-Yu, Zhang and Wei-Dong, Du and Andre, Franke and Anne, M. Bowcock and James, T. Elder and Jian-Jun, Liu and Sen, Yang and Xue-Jun Zhang, Liang-Dan Sun and Hui, Cheng and Zai-Xing, Wang and An-Ping, Zhang and Pei-Guang, Wang and Jin-Hua, Xu and Qi-Xing, Zhu and Hai-Sheng, Zhou and Eva, Ellinghaus and Fu-Ren, Zhang and Xiong, Ming},
  title   = {Association analyses identify six new psoriasis susceptibility loci in the Chinese population},
  journal = {Nature Genetics},
  year    = {2010},
  volume  = {42},
  pages   = {1005-1009},
  issn    = {1061-4036},
  doi     = {doi:10.1038/ng.690},
  type    = {Journal Article},
  url     = {http://www.nature.com/ng/journal/v42/n11/abs/ng.690.html},
}

@Article{Swindell2014,
  author  = {Swindell, William R. and Stuart, Philip E. and Sarkar, Mrinal K. and Voorhees, John J. and Elder, James T. and Johnston, Andrew and Gudjonsson, Johann E.},
  title   = {Cellular dissection of psoriasis for transcriptome analyses and the post-GWAS era},
  journal = {BMC Medical Genomics},
  year    = {2014},
  volume  = {7},
  pages   = {7-27},
  issn    = {1755-8794},
  doi     = {info:pmid/24885462},
  type    = {Journal Article},
  url     = {http://www.biomedcentral.com/1755-8794/7/27},
}

@Article{Swindell2015,
  author  = {Swindell, W. R. and Xing, X. and Voorhees, J. J. and Elder, J. T. and Johnston, A. and Gudjonsson, J. E.},
  title   = {Integrative RNA-seq and microarray data analysis reveals GC content and gene length biases in the psoriasis transcriptome},
  journal = {Physiol Genomics},
  year    = {2015},
  volume  = {46},
  pages   = {533-46},
  issn    = {1094-8341},
  doi     = {10.1152/physiolgenomics.00022.2014},
  type    = {Journal Article},
  url     = {http://dx.doi.org/10.1152/physiolgenomics.00022.2014},
}

@Article{Teng2015,
  author  = {Teng, L. and He, B. and Wang, J. and Tan, K.},
  title   = {4DGenome: a comprehensive database of chromatin interactions},
  journal = {Bioinformatics},
  year    = {2015},
  volume  = {31},
  number  = {15},
  pages   = {2560-4},
  issn    = {1367-4803},
  doi     = {10.1093/bioinformatics/btv158},
  type    = {Journal Article},
}

@Article{Theoharides2010,
  author  = {Theoharides, T. C. and Zhang, B. and Kempuraj, D. and Tagen, M. and Vasiadi, M. and Angelidou, A. and Alysandratos, K. D. and Kalogeromitros, D. and Asadi, S. and Stavrianeas, N. and Peterson, E. and Leeman, S. and Conti, P.},
  title   = {IL-33 augments substance P-induced VEGF secretion from human mast cells and is increased in psoriatic skin},
  journal = {Proc Natl Acad Sci U S A},
  year    = {2010},
  volume  = {107},
  number  = {9},
  pages   = {4448-53},
  issn    = {0027-8424},
  doi     = {10.1073/pnas.1000803107},
  type    = {Journal Article},
}

@Article{Thurman2012,
  author  = {Thurman, Robert E. and Rynes, Eric and Humbert, Richard and Vierstra, Jeff and Maurano, Matthew T. and Haugen, Eric and Sheffield, Nathan C. and Stergachis, Andrew B. and Wang, Hao and Vernot, Benjamin},
  title   = {The accessible chromatin landscape of the human genome},
  journal = {Nature},
  year    = {2012},
  volume  = {489},
  number  = {7414},
  pages   = {75-82},
  doi     = {10.1038/nature11232},
  type    = {Journal Article},
  url     = {http://dx.doi.org/10.1038/nature11232},
}

@Article{Trynka2013,
  author  = {Trynka, G. and Raychaudhuri, S.},
  title   = {Using chromatin marks to interpret and localize genetic associations to complex human traits and diseases},
  journal = {Current opinion in genetics \& development},
  year    = {2013},
  volume  = {23},
  pages   = {635-641},
  type    = {Journal Article},
  url     = {http://www.sciencedirect.com/science/article/pii/S0959437X13001445},
}

@Article{Tsoi2012,
  author  = {Tsoi, L. C. and Spain, S. L. and Knight, J. and Ellinghaus, E. and Stuart, P. E. and Capon, F. and Ding, J. and Li, Y. and Tejasvi, T. and Gudjonsson, J. E. and Kang, H. M. and Allen, M. H. and McManus, R. and Novelli, G. and Samuelsson, L. and Schalkwijk, J. and Stahle, M. and Burden, A. D. and Smith, C. H. and Cork, M. J. and Estivill, X. and Bowcock, A. M. and Krueger, G. G. and Weger, W. and Worthington, J. and Tazi-Ahnini, R. and Nestle, F. O. and Hayday, A. and Hoffmann, P. and Winkelmann, J. and Wijmenga, C. and Langford, C. and Edkins, S. and Andrews, R. and Blackburn, H. and Strange, A. and Band, G. and Pearson, R. D. and Vukcevic, D. and Spencer, C. C. and Deloukas, P. and Mrowietz, U. and Schreiber, S. and Weidinger, S. and Koks, S. and Kingo, K. and Esko, T. and Metspalu, A. and Lim, H. W. and Voorhees, J. J. and Weichenthal, M. and Wichmann, H. E. and Chandran, V. and Rosen, C. F. and Rahman, P. and Gladman, D. D. and Griffiths, C. E. and Reis, A. and Kere, J. and Nair, R. P. and Franke, A. and Barker, J. N. and Abecasis, G. R. and Elder, J. T. and Trembath, R. C.},
  title   = {Identification of 15 new psoriasis susceptibility loci highlights the role of innate immunity},
  journal = {Nat Genet},
  year    = {2012},
  volume  = {44},
  number  = {12},
  pages   = {1341-8},
  issn    = {1061-4036},
  doi     = {10.1038/ng.2467},
  type    = {Journal Article},
}

@Article{Valledor1998,
  author  = {Valledor, A. F. and Borras, F. E.},
  title   = {Transcription factors that regulate monocyte/macrophage differentiation},
  journal = {Journal of Leukocyte …},
  year    = {1998},
  volume  = {63},
  pages   = {405-417},
  type    = {Journal Article},
  url     = {http://www.jleukbio.org/content/63/4/405.short},
}

@Article{Bunt2015,
  author  = {van de Bunt, M. and Cortes, A. and Brown, M. A. and Morris, A. P.},
  title   = {Evaluating the Performance of Fine-Mapping Strategies at Common Variant GWAS Loci},
  journal = {PLoS Genet},
  year    = {2015},
  volume  = {11},
  pages   = {1-14},
  doi     = {10.1371/journal.pgen.1005535},
  type    = {Journal Article},
  url     = {http://dx.doi.org/10.1371/journal.pgen.1005535},
}

@Article{Vence2015,
  author  = {Vence, L. and Schmitt, A. and Medical …, Meadows - C. E.},
  title   = {Recognizing guttate psoriasis and initiating appropriate treatment},
  journal = {West Virginia Medical …},
  year    = {2015},
  type    = {Journal Article},
  url     = {http://go.galegroup.com/ps/i.do?id=GALE%7CA422778063&sid=googleScholar&v=2.1&it=r&linkaccess=fulltext&issn=00433284&p=AONE&sw=w},
}

@Article{Verret1990,
  author  = {Verret, Martine Gardembas-Pain and Norbert, Ifrah and Charles, Foussard and Marc, Boasson and Jean Paul Saint, Andre and Jean, Luc},
  title   = {Psoriasis After Allogeneic Bone Marrow Transplantation},
  journal = {Archives of Dermatology},
  year    = {1990},
  volume  = {126},
  pages   = {1523-1523},
  issn    = {0003-987X},
  doi     = {10.1001/archderm.1990.01670350139033},
  type    = {Journal Article},
  url     = {http://archderm.jamanetwork.com/data/Journals/DERM/14821/archderm_126_11_033.pdf},
}

@Article{Villanova2013,
  author  = {Villanova, Federica and Meglio, Paola and Nestle, Frank O.},
  title   = {Biomarkers in psoriasis and psoriatic arthritis},
  journal = {Annals of the rheumatic diseases},
  year    = {2013},
  volume  = {72},
  number  = {suppl 2},
  doi     = {10.1136/annrheumdis-2012-203037},
  type    = {Journal Article},
  url     = {http://dx.doi.org/10.1136/annrheumdis-2012-203037},
}

@Article{Wei2013,
  author  = {Wei, J. and Mialki, R. K. and Dong, S. and Khoo, A. and Mallampalli, R. K. and Zhao, Y. and Zhao, J.},
  title   = {A new mechanism of RhoA ubiquitination and degradation: roles of SCF(FBXL19) E3 ligase and Erk2},
  journal = {Biochim Biophys Acta},
  year    = {2013},
  volume  = {1833},
  pages   = {2757-64},
  issn    = {0006-3002 (Print)0006-3002},
  doi     = {10.1016/j.bbamcr.2013.07.005
10.1016/j.bbamcr.2013.07.005. Epub 2013 Jul 18.},
  type    = {Journal Article},
  url     = {http://dx.doi.org/10.1016/j.bbamcr.2013.07.005},
}

@Article{Welter2014,
  author  = {Welter, D. and MacArthur, J. and Morales, J. and Burdett, T. and Hall, P. and Junkins, H. and Klemm, A. and Flicek, P. and Manolio, T. and Hindorff, L. and Parkinson, H.},
  title   = {The NHGRI GWAS Catalog, a curated resource of SNP-trait associations},
  journal = {Nucleic Acids Res},
  year    = {2014},
  volume  = {42},
  number  = {Database issue},
  pages   = {1001-1006},
  issn    = {0305-1048},
  doi     = {10.1093/nar/gkt1229},
  type    = {Journal Article},
}

@InBook{Wikramanayake2014,
  pages     = {272-280},
  title     = {Epidermal Differentiation in Barrier Maintenance and Wound Healing},
  year      = {2014},
  author    = {Wikramanayake, T. C. and Stojadinovic, O. and Tomic-Canic, M.},
  volume    = {3},
  type      = {Book Section},
  isbn      = {2162-1918 (Print)
2162-1918 (Linking)},
  booktitle = {Adv Wound Care (New Rochelle)},
  doi       = {10.1089/wound.2013.0503},
}

@Article{Winter2015,
  author  = {Winter, D. R. and Jung, S. and Amit, I.},
  title   = {Making the case for chromatin profiling: a new tool to investigate the immune-regulatory landscape},
  journal = {Nature Reviews Immunology},
  year    = {2015},
  volume  = {15},
  pages   = {585-594},
  doi     = {10.1038/nri3884},
  type    = {Journal Article},
  url     = {http://dx.doi.org/10.1038/nri3884},
}

@Article{Wong2003,
  author  = {Wong, Rita and Tran, Vynga and Morhenn, Vera and Hung, She-pin and Andersen, Bogi and Ito, Elaine and Wesley Hatfield, G. and Benson, Nicholas R.},
  title   = {Use of RT-PCR and DNA Microarrays to Characterize RNA Recovered by Non-Invasive Tape Harvesting of Normal and Inflamed Skin},
  journal = {J Investig Dermatol},
  year    = {2003},
  volume  = {123},
  number  = {1},
  pages   = {159-167},
  issn    = {0022-202X},
  doi     = {http://www.nature.com/jid/journal/v123/n1/suppinfo/5602405s1.html},
  type    = {Journal Article},
  url     = {http://dx.doi.org/10.1111/j.0022-202X.2004.22729.x},
}

@Article{Xie2013,
  author  = {Xie, W. and Schultz, M. D. and Lister, R. and Hou, Z. and Rajagopal, N. and Ray, P. and Whitaker, J. W. and Tian, S. and Hawkins, R. D. and Leung, D. and Yang, H. and Wang, T. and Lee, A. Y. and Swanson, S. A. and Zhang, J. and Zhu, Y. and Kim, A. and Nery, J. R. and Urich, M. A. and Kuan, S. and Yen, C. A. and Klugman, S. and Yu, P. and Suknuntha, K. and Propson, N. E. and Chen, H. and Edsall, L. E. and Wagner, U. and Li, Y. and Ye, Z. and Kulkarni, A. and Xuan, Z. and Chung, W. Y. and Chi, N. C. and Antosiewicz-Bourget, J. E. and Slukvin, I. and Stewart, R. and Zhang, M. Q. and Wang, W. and Thomson, J. A. and Ecker, J. R. and Ren, B.},
  title   = {Epigenomic analysis of multilineage differentiation of human embryonic stem cells},
  journal = {Cell},
  year    = {2013},
  volume  = {153},
  number  = {5},
  pages   = {1134-48},
  issn    = {0092-8674},
  doi     = {10.1016/j.cell.2013.04.022},
  type    = {Journal Article},
}

@Article{Yang2010,
  author  = {Yang, J. and Benyamin, B. and McEvoy, B. P. and Gordon, S. and Henders, A. K. and Nyholt, D. R. and Madden, P. A. and Heath, A. C. and Martin, N. G. and Montgomery, G. W. and Goddard, M. E. and Visscher, P. M.},
  title   = {Common SNPs explain a large proportion of the heritability for human height},
  journal = {Nat Genet},
  year    = {2010},
  volume  = {42},
  number  = {7},
  pages   = {565-9},
  issn    = {1061-4036},
  doi     = {10.1038/ng.608},
  type    = {Journal Article},
}

@Article{Yin2015,
  author  = {Yin, Xianyong and Low, Hui Q. and Wang, Ling and Li, Yonghong and Ellinghaus, Eva and Han, Jiali and Estivill, Xavier and Sun, Liangdan and Zuo, Xianbo and Shen, Changbing and Zhu, Caihong and Zhang, Anping and Sanchez, Fabio and Padyukov, Leonid and Catanese, Joseph J. and Krueger, Gerald G. and Duffin, Kristina C. and Mucha, Sören and Weichenthal, Michael and Weidinger, Stephan and Lieb, Wolfgang and Foo, Jia N. and Li, Yi and Sim, Karseng and Liany, Herty and Irwan, Ishak and Teo, Yikying and Theng, Colin T. and Gupta, Rashmi and Bowcock, Anne and De Jager, Philip L. and Qureshi, Abrar A. and de Bakker, Paul I. and Seielstad, Mark and Liao, Wilson and Ståhle, Mona and Franke, Andre and Zhang, Xuejun and Liu, Jianjun},
  title   = {Genome-wide meta-analysis identifies multiple novel associations and ethnic heterogeneity of psoriasis susceptibility},
  journal = {Nature communications},
  year    = {2015},
  volume  = {6},
  pages   = {1-11},
  issn    = {2041-1723},
  doi     = {10.1038/ncomms7916},
  type    = {Journal Article},
  url     = {http://dx.doi.org/10.1038/ncomms7916},
}

@Article{Zhang2009,
  author  = {Zhang, X. J. and Huang, W. and Yang, S. and Sun, L. D. and Zhang, F. Y.},
  title   = {Psoriasis genome-wide association study identifies susceptibility variants within LCE gene cluster at 1q21},
  journal = {Nature …},
  year    = {2009},
  volume  = {2},
  pages   = {205-210},
  doi     = {10.1038/ng.310},
  type    = {Journal Article},
  url     = {http://dx.doi.org/10.1038/ng.310},
}

@Article{Zhang2008,
  author  = {Zhang, Y. and Liu, T. and Meyer, C. A. and Eeckhoute, J.},
  title   = {Model-based analysis of ChIP-Seq (MACS)},
  journal = {Genome …},
  year    = {2008},
  volume  = {9},
  pages   = {1-9},
  doi     = {10.1186/gb-2008-9-9-r137},
  type    = {Journal Article},
  url     = {http://dx.doi.org/10.1186/gb-2008-9-9-r137},
}

@Article{Zhao2012,
  author  = {Zhao, J. and Wei, J. and Mialki, R. K. and Mallampalli, D. F. and Chen, B. B. and Coon, T. and Zou, C. and Mallampalli, R. K. and Zhao, Y. and Department of, Medicine and the Acute Lung Injury Center of Excellence, University of Pittsburgh School of Medicine Pittsburgh Pennsylvania U. S. A. and Jing, Zhao and Jianxin, Wei and Rachel, K. Mialki and Daniel, F. Mallampalli and Bill, B. Chen and Tiffany, Coon and Chunbin, Zou and Rama, K. Mallampalli and Yutong, Zhao},
  title   = {F-box protein FBXL19–mediated ubiquitination and degradation of the receptor for IL-33 limits pulmonary inflammation},
  journal = {Nature Immunology},
  year    = {2012},
  doi     = {10.1038/ni.2341},
  type    = {Journal Article},
  url     = {http://europepmc.org/articles/PMC3643313},
}

@Comment{jabref-meta: databaseType:bibtex;}
